1915 3190
701 135 987 176 -47-

81 252 362 297 narrationes
394 276 449 282 —
480 249 598 307 quod
642 248 799 292 mirum
844 264 929 290 non
966 273 1017 278 -
1050 247 1275 291 nonnullis
1320 246 1361 289 in
1403 247 1606 304 partibus·

80 323 200 366 inter
236 337 282 365 so
313 319 618 364 consentiunt:
653 318 799 374 Cyrus
834 333 940 370 rogo
973 318 1227 359 ‹-‹.ml·u1·‹·1·‹·
1261 316 1358 359 vult
1382 316 1604 366 Croesum,

80 390 156 435 sed
187 390 399 448 Apolline
433 388 761 432 interveniente
795 387 875 429 hoe
908 386 1138 429 consilium
1171 386 1226 427 nd
1262 387 1437 429 irritum
1470 386 1604 429 cadit.

81 460 157 505 sed
197 459 400 518 plurimis
444 458 551 501 locis
594 462 775 500 exstant
819 471 1004 511 magnae
1048 456 1346 498 differentiae.
1419 457 1605 512 primum

79 533 282 589 apertum
327 534 394 571 ost
439 533 483 571 et
528 527 660 570 facile
707 526 910 581 intellegi
958 529 1108 583 potest
1149 531 1374 568 auctorem
1414 526 1602 581 Lydium

79 603 286 644 accurato
318 598 565 641 describere
599 597 693 651 rogi
737 597 883 641 situm.
926 612 1021 638 cum
1063 596 1199 638 sum-it
1243 595 1352 636 civis
1385 594 1603 636 Sardium.

77 668 235 713 deinde
274 668 352 711 illa
384 668 438 710 (lc
471 668 561 710 silio
595 673 717 709 muto
751 671 793 709 ct
826 666 918 708 eius
951 666 1183 708 sanatione
1211 664 1378 707 fabella
1398 666 1439 717 ¹),
1474 680 1603 722 quam

77 738 333 783 Herodotus
365 738 534 794 aceepit
571 753 596 781 a
630 737 725 792 rogi
759 736 948 778 historia
981 736 1186 778 solutam.
1222 734 1337 792 apud
1374 734 1605 777 Xanthum

78 809 124 852 in
155 808 458 852 narrationem
492 808 629 864 ipsam
663 807 833 849 inserta
873 810 953 858 cst,
998 805 1039 846 id
1082 804 1196 861 quod
1241 820 1323 846 non
1368 812 1435 846 est
1469 807 1604 845 ‹nten-

78 878 204 932 sioni,
248 893 344 920 cum
388 876 544 934 Lydus
587 892 684 919 eum
728 875 875 917 studio
914 874 1147 916 ostendere
1183 874 1389 926 voluerit,
1434 879 1605 930 quanta

78 948 224 1007 pietas
269 946 499 990 exstiterit.
547 947 666 989 inter
721 949 894 1003 patrem
942 949 986 987 vt
1042 944 1194 987 filium.
1273 944 1408 985 etiam
1457 952 1605 985 vestes

78 1016 308 1074 Lydarum
355 1017 574 1074 pretiosas
621 1016 785 1059 allatas
827 1030 919 1057 esse
959 1014 1015 1057 ad
1057 1029 1216 1069 rogum
1260 1012 1469 1055 Xanthus
1516 1028 1603 1054 non

79 1086 244 1130 oblitus
277 1092 341 1130 est
377 1102 573 1138 narrare,
619 1089 667 1128 nt
713 1101 765 1128 ex
807 1100 858 1127 ea
900 1101 945 1127 re
988 1084 1197 1136 eluceret,
1243 1087 1411 1140 quanto
1455 1097 1604 1124 amore

76 1171 181 1200 usus
204 1161 318 1200 esset
344 1158 531 1199 Croesus
563 1155 682 1213 apud
714 1155 938 1213 populum.
991 1154 1259 1212 permultum
1287 1153 1410 1196 valet
1436 1152 1603 1194 mentio

77 1225 294 1283 Sibyllae,
328 1242 415 1284 qua
444 1242 490 1269 re
512 1226 755 1269 clarissime
778 1225 1111 1267 demonstratur
1133 1224 1254 1266 color
1277 1222 1451 1279 Lydius
1474 1222 1603 1264 huius

76 1296 278 1340 fabulae:
331 1296 510 1353 Sibylla
554 1297 651 1353 ipsa
693 1295 940 1338 intervenit
982 1311 1059 1352 pro
1105 1295 1289 1345 Croeso,
1335 1296 1385 1335 ut
1426 1308 1452 1334 a
1495 1306 1602 1347 rogo

77 1369 293 1410 servetur.
329 1366 404 1410 sed
425 1366 589 1409 Persae
611 1366 777 1408 amenti
800 1366 951 1408 furore
977 1365 1092 1407 caeci
1119 1366 1409 1406 contemnunt
1432 1362 1605 1404 monita

77 1435 244 1481 divina.
295 1436 376 1478 hoc
398 1436 494 1479 loco
518 1435 819 1492 cognoscimus
843 1434 990 1477 odjum
1023 1435 1068 1476 in
1090 1434 1250 1476 Persas
1282 1433 1451 1488 ingens,
1485 1430 1603 1488 quod

75 1506 122 1549 in
154 1521 205 1549 eo
228 1508 391 1558 exstat,
425 1505 543 1563 quod
564 1508 831 1548 accusantur
852 1504 1016 1548 Persae
1039 1503 1219 1546 deorum
1242 1501 1601 1559 contemptionis.

75 1575 227 1619 eade-m
259 1592 313 1619 ex
335 1590 468 1619 causa
490 1575 743 1619 Zoroastris
766 1575 933 1617 mentio
956 1576 1080 1617 facta
1103 1576 1183 1626 est,
1218 1573 1341 1615 cuius
1365 1570 1602 1614 secundum

74 1648 317 1704 praecepta
356 1647 482 1689 nefas
524 1648 593 1689 est
624 1645 822 1688 homines
855 1644 1064 1687 comburi.
1127 1642 1341 1685 miraculo
1375 1641 1602 1699 Apollinis

76 1715 170 1759 solo
199 1714 376 1759 'Persae
420 1718 775 1768 commoventur,
834 1718 883 1757 ut
931 1713 1181 1771 praeceptis
1224 1712 1404 1755 deorum
1450 1725 1602 1753 rursus

75 1787 389 1843 obsequantur.
431 1811 487 1816 —
527 1785 716 1842 (lenique
761 1785 961 1827 omnibus
1006 1784 1074 1826 his
1122 1798 1175 1826 ex
1222 1783 1351 1825 rebus
1399 1784 1600 1838 apparet,

74 1859 351 1914 quantopere
374 1855 548 1898 Xanthi
570 1854 832 1898 interfuerit
863 1855 1091 1896 fortunam
1125 1853 1302 1895 tristem
1336 1851 1486 1894 ultimi
1508 1850 1601 1906 Ly-

75 1924 230 1968 dorum
274 1925 393 1982 regis
438 1927 617 1968 referre.
691 1940 779 1967 non
825 1924 983 1967 mirum
1028 1926 1096 1966 est.
1139 1922 1252 1965 hanc
1296 1920 1602 1964 narrationem

71 1994 215 2038 multo
236 1995 483 2038 uberiorem
509 2010 602 2038 esse
624 2009 755 2052 quam
784 1994 919 2046 illam,
953 2008 1084 2050 quam
1106 1991 1362 2035 Herodotus
1385 1989 1602 2046 comperit

73 2063 101 2108 a
129 2064 461 2108 fabulatoribus
485 2064 666 2121 Lydiis;
700 2080 801 2107 nam
825 2064 1022 2117 Xantho,
1056 2079 1153 2105 cum
1175 2062 1350 2105 viveret
1373 2059 1599 2111 Sardibus,

73 2133 316 2178 adfuerunt
376 2135 525 2178 fontes
581 2135 712 2191 longe
768 2134 1056 2191 copiosiores,
1123 2148 1175 2175 ex
1217 2132 1374 2188 quibus
1421 2128 1601 2172 haurire

73 2206 237 2261 posset,
255 2204 444 2247 maxime
466 2205 677 2248 memoria
698 2204 914 2262 quaedam
935 2203 1117 2260 privata
1140 2203 1184 2244 in
1206 2200 1390 2243 familiis
1413 2198 1599 2242 tradita.

73 2287 187 2330 quae
216 2289 306 2316 non
336 2275 524 2331 patebat
554 2274 815 2331 peregrinis.
864 2273 1099 2316 Persarum
1123 2271 1270 2314 odium
1293 2271 1435 2327 ipsum
1458 2268 1601 2311 distat

73 2345 130 2387 ab
148 2343 371 2387 Herodoti
392 2344 664 2397 narratione,
689 2358 776 2401 qua
798 2343 911 2386 talia
934 2358 1022 2385 non
1043 2344 1314 2393 referuntur,
1341 2366 1397 2371 —-
1420 2343 1601 2397 praeter

75 2414 189 2472 Cyri
209 2415 379 2457 factum
401 2414 557 2472 ipsum,
589 2413 707 2471 quod
739 2414 778 2456 ei
809 2414 900 2456 fuit
932 2427 1120 2469 magnae
1153 2410 1387 2454 offensioni
1415 2413 1457 2452 et
1482 2407 1600 2465 quod

74 2486 281 2527 accurate
303 2483 529 2541 explicare
551 2486 736 2527 conatus
759 2486 840 2537 est,
864 2486 915 2526 ut
932 2482 1138 2525 vidimus.
1185 2482 1377 2523 fortasse
1400 2478 1599 2521 conicere

73 2553 183 2596 lieet
201 2553 480 2596 Herodotum
512 2553 714 2597 debuisse
745 2553 1048 2596 narrationem
1078 2551 1301 2594 nobilibus
1327 2544 1405 2604 'Ly
1392 2547 1489 2599 dis,
1523 2546 1600 2603 qui

74 2624 229 2680 partes
257 2622 494 2666 Persarum
525 2624 837 2681 sequebantur,
881 2621 1113 2665 Xanthum
1145 2624 1307 2671 autem,
1353 2633 1449 2660 cum
1482 2618 1599 2658 esset

75 2690 147 2733 vir
176 2705 280 2735 vere
301 2690 472 2747 Lydus,
505 2691 560 2735 iis
590 2691 853 2735 hominibus.
887 2692 963 2748 qui
984 2691 1221 2734 Persarum
1252 2686 1600 2730 dominationem

198 2787 234 2830 1)
260 2784 382 2820 Etiam
401 2784 562 2828 alioquin
580 2785 810 2820 narrationes
837 2784 880 2819 de
908 2785 981 2818 filio
1007 2790 1106 2818 muto
1133 2783 1178 2817 ab
1205 2781 1414 2817 auctoribus
1433 2780 1599 2825 prolatae

73 2841 295 2880 dissentiunt
320 2844 417 2879 inter
441 2855 490 2888 se,
517 2845 669 2879 maxime
695 2844 771 2878 eius
798 2844 952 2878 sanatio.
