1915 3190
807 136 857 140 --
929 113 976 153 l‘.)

184 225 378 276 timeret,
422 225 569 279 iguem
601 226 827 280 exstingui
861 231 904 269 et
939 230 1152 272 Croesum
1187 234 1232 273 et
1265 248 1364 285 eos,
1407 235 1481 290 qui
1524 251 1619 278 cum
1662 255 1712 277 vo

183 298 328 346 erant,
361 293 517 338 deduci
551 295 695 338 iussit.
758 298 802 350 2)
847 298 1039 341 Croesus
1074 300 1168 356 ipse.
1201 302 1416 346 auxilium
1451 304 1711 361 imploravit

182 366 237 409 ab
268 364 495 422 Apolline,
539 365 614 422 qui
659 365 785 408 imbri
834 383 986 420 rogum
1027 370 1318 423 exstinguens
1359 375 1571 417 (’1·‹›esum
1615 392 1706 418 ser-

183 437 274 477 vat.
326 450 434 491 quus
467 436 750 478 narrationes
784 436 1039 481 Herodotus
1074 438 1318 494 diligenter
1349 443 1540 486 alterum
1583 445 1708 488 iuxta

129 513 132 516 ’
181 504 371 548 alteram
424 504 586 561 posuit.
664 506 979 550 difficultatem
1033 508 1160 551 huius
1209 511 1531 554 coniunctionis
1584 515 1709 558 tollit

181 574 352 617 verbis:
401 608 407 616 .
443 608 450 616 .
487 609 493 616 .
539 576 595 624 ὡς
636 577 725 629 ὥρα
768 578 907 618 ,ταντα
946 579 1026 630 μὲν
1066 580 1205 632 ὄνόρα
1248 584 1487 634 ‹mwvnssvw
1531 587 1575 624 τὸ
1608 593 1707 637 πῦρ,

180 644 456 697 δυναμένους
499 646 545 686 δὲ
589 646 727 687 οὐκὶ-’τι
773 650 1046 701 καταλαβεῖν.
1109 665 1194 704 quo
1235 650 1361 694 modo
1394 655 1708 708 comprobatur

178 713 344 770 Apollo
377 713 692 757 interveniens.

293 783 574 827 Herodotum
619 785 661 828 in
704 786 963 829 narratione
996 788 1150 830 (froesi
1194 790 1247 830 ab
1287 790 1497 845 Apolline
1531 793 1704 835 servati

177 856 361 911 practer
394 855 562 897 fontem
586 854 781 911 Lydium
805 855 939 898 etiam
963 856 1178 912 Delphico
1215 873 1337 900 usum
1372 875 1467 902 esse
1500 862 1704 916 cognosci

177 938 306 980 posse
348 923 450 966 mihi
485 924 666 967 videtur
707 940 760 968 ex
801 940 873 971 eo,
917 926 1032 982 quod
1065 927 1206 969 imber
1239 927 1423 971 delinxit
1459 946 1511 972 ex
1546 946 1703 973 sereno

176 993 297 1037 caelo
331 994 383 1050 (I,
407 994 501 1048 SD:
535 994 580 1036 ἐκ
612 993 656 1036 δὲ
692 997 870 1050 αἰθρίης
902 1012 941 1037 τε
975 995 1043 1038 καὶ
1081 1000 1281 1052 νηνέμιίις
1313 1001 1580 1053 συνδραμεῖν
1611 1000 1703 1051 ἑξα-

176 1068 304 1118 πίνῃς
350 1063 484 1117 νέφεα
528 1065 595 1106 καὶ
641 1065 826 1119 χειμῶνά
870 1081 914 1106 τε
958 1073 1273 1121 καταρραγῆναι
1321 1067 1390 1109 καὶ
1440 1066 1532 1110 ὗσαι
1583 1071 1698 1111 {idam

174 1133 433 1190 λαβροτάτῳ.
509 1148 622 1190 qnae
670 1135 807 1177 verba
852 1133 1016 1178 hausta
1073 1150 1166 1178 esse
1214 1140 1325 1193 puto
1371 1152 1457 1180 non
1506 1153 1527 1181 e
1576 1139 1702 1182 sonte

172 1202 336 1259 Lydio,
370 1202 446 1246 sed
481 1219 503 1246 e
535 1203 663 1247 fonte
696 1204 925 1261 Delphico.
970 1205 1044 1261 qui
1077 1204 1133 1247 ad
1165 1205 1373 1248 maiorem
1406 1206 1476 1249 dei
1509 1207 1701 1264 gloriam

172 1274 429 1319 memorium
474 1276 768 1319 commutavit
788 1276 830 1331 ¹).
877 1302 930 1306 -
987 1277 1105 1330 Quin
1161 1277 1296 1320 etiam
1350 1279 1546 1322 conicere
1595 1279 1702 1322 licet

172 1345 454 1389 Herodotum
497 1345 577 1389 hac
621 1346 665 1388 in
709 1346 862 1389 fabula
906 1346 1132 1390 narranda
1171 1347 1387 1404 imprimis
1428 1349 1701 1392 consuluisse

172 1417 317 1459 testes
335 1415 575 1472 Delphicus
599 1431 652 1458 ex
675 1431 727 1459 ea
748 1431 810 1468 re,
844 1416 962 1473 quod
983 1416 1096 1460 hanc
1117 1418 1425 1461 narrationem
1449 1421 1700 1475 sequuntur

170 1487 311 1529 verba
343 1488 520 1542 sumpta
553 1501 575 1529 e
608 1487 734 1529 fonto
764 1486 995 1543 Delphico,
1028 1502 1117 1530 non
1149 1502 1171 1530 e
1203 1490 1330 1531 fonte
1354 1487 1515 1544 Lydio,
1549 1503 1700 1546 quam-

170 1569 302 1613 quam
331 1554 403 1598 hic
433 1555 615 1612 aptiora
646 1556 939 1612 praebuisset,
972 1561 1024 1600 ut
1055 1572 1383 1614 cognoscemus.

285 1626 330 1678 4)
381 1624 614 1682 Colloquio
647 1625 768 1669 inter
800 1625 980 1681 Cyrum
1001 1629 1049 1669 et
1070 1626 1285 1670 Croesum
1319 1627 1471 1670 habito
1506 1629 1698 1671 tractari

170 1697 263 1739 tres
305 1710 377 1739 res
419 1695 506 1738 iam
549 1710 686 1751 supra
718 1695 929 1739 vidimus:
978 1696 1021 1750 a)
1065 1711 1142 1738 cur
1173 1696 1365 1739 Croesus
1398 1697 1516 1740 bcllo
1548 1713 1697 1754 perse-

170 1767 299 1809 cutus
339 1765 399 1808 sit
440 1764 630 1821 Cyrum3
680 1766 722 1818 b)
765 1765 817 1808 dc
851 1764 1067 1809 Sardibus
1106 1765 1318 1822 direptis3
1373 1768 1409 1819 c)
1454 1767 1507 1810 dc
1540 1767 1696 1811 Croesi

170 1834 466 1892 compedibus.

285 1904 596 1948 Intelleximus
631 1907 678 1948 et
708 1905 834 1949 fonte
856 1905 1073 1962 Delphico
1107 1907 1154 1948 et
1185 1905 1312 1949 fonte
1336 1905 1482 1961 Lydio
1505 1907 1695 1964 descrip-

167 1976 262 2018 tam
294 1989 390 2018 esse
421 1974 544 2017 illam
575 1974 775 2017 fabulam
798 1974 950 2017 Croesi
971 1975 1026 2018 ab
1050 1974 1261 2032 Apolline
1284 1991 1306 2017 e
1328 1975 1513 2019 flammis
1537 1977 1695 2033 erepti.

169 2059 299 2102 quam
331 2044 596 2088 continuans
629 2044 674 2086 in
706 2047 898 2101 utroque
931 2044 1057 2088 fonte
1089 2045 1406 2088 inveniebatur
1427 2046 1695 2102 colloquium

168 2113 282 2170 Cyri
313 2117 360 2158 et
391 2114 556 2166 Croesi,
590 2113 708 2171 quod
738 2113 998 2157 Herodotus
1031 2114 1241 2158 reddidit.

283 2185 326 2239 a)
372 2184 588 2238 Quaestio
621 2183 702 2227 illa
733 2186 784 2239 (c.
817 2185 903 2238 87),
944 2200 1023 2228 cur
1055 2184 1246 2228 Croesus
1279 2184 1401 2241 Cyro
1434 2184 1600 2228 bellum
1631 2185 1694 2228 in-

166 2253 348 2308 tulerit,
391 2254 593 2297 manavit
634 2268 658 2297 e
698 2254 824 2296 fonte
867 2253 1097 2311 Delphico.
1161 2254 1279 2311 quod
1311 2254 1508 2298 efficitur
1541 2271 1594 2298 ex
1625 2254 1694 2297 his

167 2323 340 2367 verbis:
385 2327 523 2374 αἴτιος
562 2322 610 2366 δὲ
650 2325 815 2366 τούτων
855 2323 1026 2378 ἐγένετο
1067 2324 1090 2366 ὁ
1131 2326 1344 2378 Ἑλλήνων
1382 2326 1489 2374 θεὸς
1530 2323 1695 2379 ἐπάρας

166 2393 237 2448 ἐμὲ
269 2394 596 2448 στρατεύεσθαι.
646 2392 806 2450 quibus
829 2408 926 2436 cum
948 2393 1094 2436 verbis
1123 2393 1334 2436 cohaeret
1356 2393 1467 2448 Cyri
1489 2394 1694 2450 quaestio

165 2463 220 2520 (I,
243 2463 336 2520 90):
370 2465 515 2516 Κῦρος
546 2463 593 2505 δὲ
624 2464 757 2516 εἴρετο
789 2464 852 2506 ὅτι
885 2464 931 2505 οἱ
957 2469 1084 2505 τοῦτο
1116 2463 1361 2518 ἐπηγορέων
1394 2497 1402 2505 .
1429 2497 1436 2505 .
1461 2497 1469 2505 .
1503 2489 1558 2493 -

252 2530 256 2532 ἡ
283 2533 325 2586 b)
371 2531 460 2576 Sed
490 2532 610 2575 inter
640 2532 765 2575 illam
795 2533 1100 2589 quaestionem
1131 2534 1240 2589 (cap.
1265 2533 1338 2586 87·)
1370 2534 1417 2575 et
1445 2532 1556 2574 hanc
1579 2531 1693 2587 Cyri

167 2601 571 2658 interrogationem
603 2602 713 2658 (cap.
747 2602 819 2655 90)
851 2602 1090 2645 interiecta
1124 2604 1230 2644 sunt
1261 2616 1354 2658 cap.
1379 2602 1447 2654 88,
1469 2601 1537 2643 89.
1591 2600 1691 2643 fons

169 2670 284 2714 enim
305 2669 478 2727 Lydius
500 2671 684 2714 rettulit
703 2671 930 2724 nonnulla,
956 2685 1068 2727 quae
1091 2685 1231 2727 usque
1254 2670 1311 2713 ad
1332 2670 1463 2713 finem
1484 2668 1693 2727 Delphici

291 2813 324 2857 1)
350 2812 453 2847 Hanc
481 2813 730 2856 quaestionem
755 2811 854 2847 infra
879 2812 1116 2848 tractabimus
1145 2813 1241 2857 (pag.
1268 2815 1341 2857 45).

1355 2873 1413 2915 2*
