2009 3201
953 179 1238 220 —32—

340 309 469 351 quam
500 296 772 350 praebuerat
803 309 890 335 non
921 293 1049 335 modo
1083 307 1193 348 erga
1224 293 1334 335 alios
1367 308 1495 348 reges
1520 295 1738 345 subactos,
1774 293 1849 335 secl

338 365 470 406 etiam
503 377 611 418 erga
643 362 852 405 Croesum
883 362 1038 418 ipsum.
1084 388 1121 391 —
1157 377 1235 417 pro
1278 377 1386 417 rogo
1427 362 1569 417 igitur
1602 362 1850 405 substituta

337 436 405 475 est
448 432 723 474 vinculorum
767 446 919 487 poena.
981 431 1068 472 iam
1112 430 1216 485 quid
1256 434 1461 486 spectant
1500 431 1581 473 illa
1621 430 1848 487 vincu1a1)

338 504 384 543 et
414 501 494 543 illa
525 501 733 543 liberatio
750 501 769 542 ἱ)
808 503 861 543 ut
892 515 962 542 res
986 499 1137 555 aliqua
1158 499 1390 555 inopinata
1413 500 1728 556 explicaretur,
1763 515 1849 557 qua

338 570 485 624 Cyrus
527 569 743 612 adductus
785 572 874 622 est,
929 571 981 610 ut
1026 568 1189 610 Croeso
1236 569 1411 611 veniam
1451 571 1497 611 et
1538 570 1849 626 impunitatem

338 639 477 680 daret.
540 639 736 681 videmus
778 638 919 692 igitur
961 637 1213 679 consentire
1251 640 1456 680 auctores
1488 638 1539 680 cle
1574 638 1683 694 Cyri
1715 639 1850 681 animi

338 708 680 750 commutatione
713 708 953 763 inopinata,
998 707 1075 749 sed
1106 707 1242 749 variis
1274 707 1451 749 fabellis
1484 722 1578 750 eam
1611 708 1847 765 explicare.

337 777 514 819 Ctesiae
558 777 751 819 fabulam
794 776 1018 818 Persicam
1064 775 1270 818 haustam
1314 791 1403 818 non
1443 791 1538 819 esse
1581 792 1604 819 e
1636 793 1848 820 commen-

335 845 465 887 tariis
497 846 645 901 regiis,
679 847 833 901 quibus
867 861 911 888 se
942 861 1069 888 usum
1102 861 1197 887 esse
1231 845 1404 887 Ctesias
1437 846 1564 899 dixit,
1599 846 1676 889 sed
1698 861 1720 889 e
1742 847 1848 889 Per-

336 929 483 957 sarum
513 916 630 958 fama
662 930 786 958 nemo
818 915 1014 970 negabit.

606 1216 661 1260 V.
714 1217 791 1261 De
823 1217 1187 1273 Xenophontis
1218 1217 1519 1263 narratione
1536 1218 1579 1272 2).

449 1314 758 1370 Xenophontis
821 1316 1141 1371 expositionem
1203 1316 1434 1371 perpaucis
1486 1316 1638 1359 verbis
1698 1317 1848 1372 tangit

336 1382 605 1426 Schubertus
626 1384 669 1439 3),
713 1400 809 1426 cum
840 1385 920 1427 illa
950 1386 1098 1441 posita
1130 1385 1190 1427 sit
1222 1386 1267 1426 in
1298 1385 1530 1428 Herodoto
1563 1386 1656 1428 solo
1721 1401 1849 1442 quem

336 1467 466 1507 saepe
499 1454 839 1496 commutaverit
880 1470 933 1497 ex
974 1455 1157 1496 libidine
1202 1457 1372 1497 auctor.
1435 1455 1511 1497 sed
1552 1456 1607 1497 ad
1647 1458 1850 1498 nostram

337 1523 635 1577 quaestionem
669 1523 838 1578 aliquid
869 1523 1045 1566 confert
1077 1523 1344 1580 Xenophon,
1390 1524 1506 1580 quod
1537 1525 1619 1567 hoc
1649 1525 1745 1567 loco
1777 1539 1849 1567 res

336 1605 389 1632 ex
437 1590 621 1633 libidine
680 1595 972 1635 commutatas
1037 1593 1212 1648 exigere
1270 1587 1500 1649 possumus
1557 1594 1613 1635 acl
1668 1594 1850 1636 fontem.

334 1659 494 1701 inutile
526 1660 666 1715 igitur
696 1676 783 1703 non
816 1665 883 1704 est
915 1662 1025 1704 hanc
1056 1663 1359 1705 narrationem
1391 1664 1678 1718 perscrutari.

450 1729 733 1772 Relationem
777 1731 1085 1787 Xenophontis
1132 1732 1415 1787 perlegentes
1459 1731 1852 1774 animadvertimus

335 1812 476 1852 neque
507 1798 686 1841 fabulae
720 1798 874 1841 Croesi
914 1800 959 1841 in
991 1815 1146 1854 rogum
1178 1800 1374 1855 impositi
1404 1815 1545 1856 neque
1578 1800 1692 1842 alius
1726 1801 1852 1842 huius

335 1866 453 1908 modi
503 1882 670 1922 poenae
722 1869 916 1911 inveniri
964 1869 1105 1910 ullum
1156 1870 1407 1924 vestigium.
1488 1872 1613 1912 recte
1663 1870 1853 1912 adnotat

335 1934 609 1978 Sehubertus
632 1937 712 1979 hoc
734 1938 828 1980 loco
850 1939 907 1993 (p.
933 1938 1052 1992 119):
1081 1938 1253 1992 „Wenn
1274 1939 1522 1995 Xenophon
1544 1939 1614 1981 die
1632 1938 1852 1982 Scheiter-

334 2003 630 2047 hausenszene
664 2006 875 2057 streicht,
918 2022 964 2050 so
996 2010 1072 2049 tut
1104 2023 1151 2049 er
1182 2008 1275 2050 dies
1307 2009 1432 2051 nicht
1464 2011 1582 2051 etvva
1612 2008 1724 2050 nach
1755 2007 1853 2050 dem

336 2073 577 2129 Vorgange
618 2075 777 2130 irgend
820 2076 941 2118 einer
985 2076 1163 2129 Quelle‚
1210 2078 1292 2119 wie
1334 2091 1436 2119 man
1477 2077 1559 2119 hat
1600 2077 1853 2133 behaupten

335 2142 507 2196 wellen,
541 2144 730 2186 sondern
762 2160 846 2186 nur
877 2145 1082 2198 deshalb,
1125 2146 1229 2189 weil
1272 2146 1335 2188 sie
1366 2147 1449 2188 mit
1481 2146 1624 2188 seiner
1656 2146 1851 2189 Charak-

334 2211 517 2253 teristik
563 2213 637 2255 (les
672 2214 819 2268 Cyrus
861 2214 963 2257 sehr
1001 2215 1169 2258 schwer
1209 2216 1254 2257 in
1293 2215 1523 2271 Einklang
1564 2232 1620 2257 zu
1662 2215 1853 2272 bringen

335 2279 435 2321 ist“.
496 2281 597 2323 inde
641 2283 757 2337 quod
798 2283 887 2326 alia
926 2299 1093 2340 poenae
1133 2285 1251 2327 ratio
1285 2286 1458 2327 omnino
1489 2300 1577 2327 non
1607 2285 1849 2339 invenitur,

336 2349 514 2403 probari
544 2350 650 2391 mihi
682 2352 863 2394 videtur
893 2353 1235 2409 Xenophontem
1265 2354 1348 2396 hac
1379 2355 1425 2396 in
1455 2369 1505 2397 re
1535 2369 1622 2396 non
1654 2356 1852 2397 secutum

336 2431 430 2459 esse
451 2418 591 2459 ullum
612 2422 787 2473 testem,
822 2422 897 2464 sed
919 2422 1061 2478 ipsum
1084 2423 1424 2466 commutavisse
1444 2423 1687 2477 historiam,
1721 2438 1862 2480 quam«.

337 2486 377 2527 ei
408 2488 613 2541 praebuit
643 2488 912 2543 Herodotus,
958 2492 1074 2547 quod
1117 2507 1213 2534 cum
1257 2507 1336 2535 sua
1377 2493 1487 2548 Cyri
1529 2493 1721 2549 imagine
1763 2508 1850 2535 non

333 2557 638 2600 conveniebat.

456 2683 489 2719 1)
516 2681 746 2716 Vinculorum
786 2684 917 2718 mentio
954 2686 992 2718 fit
1019 2685 1126 2719 etiam
1154 2686 1197 2719 ab
1225 2686 1421 2731 Herodoto,
1458 2686 1521 2722 sed
1547 2687 1619 2722 alia
1646 2691 1755 2731 atque
1781 2688 1849 2722 hoc

334 2738 412 2772 loco
440 2740 598 2783 ratione,
627 2741 671 2775 cf.
698 2753 778 2785 pag.
807 2746 838 2777 9.

454 2802 489 2835 2)
518 2798 679 2843 Xenoph.
709 2801 836 2844 Cyrop.
865 2803 941 2845 Vll,
961 2806 992 2837 2.

456 2860 491 2893 3)
519 2857 562 2892 cf.
592 2859 768 2894 Schubert
796 2871 874 2904 pag.
906 2864 970 2896 107
999 2866 1034 2895 et
1064 2865 1140 2897 119.
