1968 3206
852 172 1138 213 -64-

238 281 290 324 (10
333 283 483 338 patria
528 298 605 325 sua
649 284 865 327 narravit.
927 286 1015 327 iam
1047 286 1352 329 Dahlmannus
1394 287 1475 330 1100
1518 289 1753 333 refutavit.

237 351 342 406 quin
376 352 511 392 etiam
542 352 816 395 Pomtowius
848 354 1033 408 veritus,
1071 371 1150 408 „ne
1181 357 1279 412 plus
1312 357 1402 399 illis
1434 358 1580 400 verbis
1612 359 1752 400 tribu-

236 434 357 461 amus
401 435 532 475 quam
575 436 643 463 res
687 425 731 464 et
765 423 937 483 veritas
974 424 1072 479 ipsa
1112 425 1366 479 concedat“,
1413 427 1588 468 :fatetur
1631 430 1751 470 certo

236 488 322 529 (1101
345 504 432 530 11011
455 505 593 544 posse,
622 494 795 543 „utrum
814 492 1068 534 Herodotus
1090 492 1172 535 1100
1193 493 1288 536 1000
1306 495 1539 537 Xanthum
1561 496 1753 539 aliumve

235 559 432 613 quemvis
477 562 703 601 auctorem
746 563 953 615 tangere,
999 575 1055 602 011
1087 562 1317 617 Lydorum
1357 566 1505 606 terrae
1544 568 1752 607 naturam

234 626 496 682 simpliciter
528 643 577 669 ac
610 644 713 670 vere
745 628 991 672 describere
1014 631 1247 673 volue1·it“.
1312 632 1387 674 sed
1419 649 1591 689 quoquo
1623 634 1749 676 modo

232 710 301 737 res
335 711 379 737 se
410 696 557 749 habet,
601 697 646 738 id
678 698 964 740 statuendum
996 702 1084 751 est,
1127 700 1163 741 si
1194 700 1423 742 Xanthum
1455 703 1748 758 cognovisset,

232 765 325 806 sine
366 765 497 807 dubio
540 766 618 807 illa
658 767 872 809 miracula
902 767 1179 810 Herodotum
1218 785 1305 811 non
1336 773 1750 825 praetermissurum

231 834 380 886 fuisse,
426 850 522 876 cum
565 835 694 877 huius
740 836 858 878 modi
900 852 968 879 res
1014 837 1259 880 describere
1301 839 1442 881 soleat
1475 855 1569 882 cum
1602 856 1749 884 amore

233 905 277 944 ct
310 903 471 945 studio.

346 985 388 1038 5)
443 984 659 1026 Nonnulli
705 986 915 1028 videntur
955 1002 1210 1029 consensum
1249 989 1483 1044 agnovisse
1523 989 1642 1031 inter
1684 1004 1746 1042 ea,

231 1067 343 1108 quae
387 1054 575 1109 legimus
620 1054 737 1110 apud
787 1055 1064 1097 Herodotum
1110 1057 1145 1108 I,
1171 1058 1224 1099 92
1267 1060 1311 1099 et
1352 1058 1470 1113 apud
1516 1058 1749 1100 Nicolaum

228 1122 283 1162 fr.
309 1123 362 1163 65
379 1122 420 1177 1).
475 1123 685 1164 Nicolaus
708 1126 863 1165 narrat
889 1124 1109 1177 Croesum,
1142 1128 1254 1167 natu
1284 1126 1521 1168 maximum
1543 1127 1745 1181 filiorum,

228 1190 426 1245 Alyatte
470 1195 687 1247 regnante
730 1193 961 1249 pecuniam
1004 1194 1088 1235 sibi
1132 1210 1385 1250 comparare
1428 1196 1640 1248 voluisse,
1695 1199 1747 1238 ut

228 1260 393 1302 milites
438 1261 712 1303 conduceret.
781 1277 806 1304 a
838 1265 1106 1316 mercatore,
1153 1264 1370 1306 ditissimo
1415 1265 1590 1320 Lydiae
1634 1265 1744 1318 viro,

226 1329 404 1384 petivit,
438 1332 489 1371 ut
522 1331 750 1385 pecuniam
783 1331 865 1373 sibi
897 1331 1038 1374 daret.
1092 1332 1167 1374 sed
1201 1334 1424 1389 repulsam
1462 1334 1584 1375 tulit.
1649 1349 1747 1376 cum

227 1401 376 1440 autem
398 1414 583 1454 regnum
607 1400 795 1456 adeptus
819 1403 946 1453 esset,
972 1401 1118 1443 onmia
1136 1403 1249 1444 bona
1270 1403 1527 1444 mercatoris
1551 1403 1746 1445 sacravit

226 1467 410 1519 Dianae,
444 1470 495 1509 ut
528 1472 727 1511 voverat.
761 1495 816 1499 —
849 1470 924 1511 sed
945 1470 1200 1512 Herodotus
1237 1471 1571 1527 opulentissima
1594 1472 1746 1514 Croesi

228 1536 413 1578 donaria
445 1538 641 1579 referens
664 1542 974 1580 commemorat
996 1539 1127 1581 haec:
1166 1542 1240 1592 „vde
1274 1539 1318 1581 ὁὲ
1352 1542 1457 1582 ἄλλα
1489 1544 1745 1595 wammam

226 1605 268 1656 ἐξ
310 1606 469 1658 ἀνδρὸς
509 1607 674 1659 ἐγένετο
708 1609 859 1661 οὐσίης
890 1607 1062 1663 ἐχθροῦ,
1107 1611 1152 1658 ὅς
1183 1611 1235 1659 οἱ,
1282 1611 1384 1664 πρὶν
1425 1610 1449 1663 ἢ
1483 1613 1745 1663 βασιλεῦσαι,

225 1675 562 1729 ἀντιστασιώτης
605 1680 856 1729 κατεστήκεε
898 1679 1159 1719 συσπεύδων
1193 1678 1492 1719 Πανταλέοντι
1532 1679 1741 1732 γενέσθαι

225 1745 305 1796 τὴν
339 1746 498 1785 Λυδῶν
531 1745 703 1799 ἀρχήνῧ.
763 1744 871 1787 11000
903 1746 1136 1801 perlegens
1168 1747 1301 1788 facile
1323 1747 1572 1802 intelleges,
1607 1762 1743 1803 quan-

224 1816 379 1868 topere
412 1815 615 1855 auctores
647 1814 766 1856 inter
799 1829 843 1856 se
876 1814 1058 1857 distent.
1123 1816 1313 1857 sufficiat
1353 1816 1461 1858 haec
1493 1817 1588 1858 sola
1618 1831 1743 1872 prae-

225 1882 372 1924 dicare
403 1882 632 1924 Herodoto
673 1886 791 1925 teste
823 1883 1014 1939 Alyatti
1055 1885 1191 1926 fuisse
1225 1885 1332 1926 duos
1363 1885 1500 1938 filios,
1535 1886 1744 1928 Croesum

224 1954 268 1993 01
313 1951 667 2001 Pantaleontem,
714 1952 951 1994 secundum
992 1953 1226 1995 Nicolaum
1268 1954 1444 2007 multos,
1490 1969 1516 1996 a
1556 1955 1741 1998 Nicolao

222 2020 394 2062 hostem
427 2021 670 2075 significari
700 2024 1003 2075 mercatorem,
1048 2023 1124 2078 qui
1163 2023 1394 2078 pecuniam
1435 2023 1491 2065 ad
1523 2023 1742 2065 delectum

221 2090 514 2131 necessariam
557 2090 716 2132 Croeso
759 2090 865 2132 dare
906 2091 1066 2143 noluit,
1112 2091 1230 2146 apud
1274 2091 1549 2133 Herodotum
1592 2095 1742 2134 autem

221 2174 355 2199 unum
397 2174 449 2200 ex
490 2159 593 2212 illis,
639 2159 715 2215 qui
746 2159 1058 2201 Pantaleontis
1089 2162 1241 2215 partes
1273 2161 1414 2202 secuti
1447 2160 1655 2202 Croesum
1686 2163 1740 2203 ab

221 2227 406 2282 imperio
440 2227 673 2282 prohibere
707 2228 957 2270 voluerunt.

337 2308 379 2358 6)
425 2307 554 2349 Nunc
585 2310 862 2350 transeamus
904 2308 961 2350 ad
1002 2324 1156 2364 regum
1186 2309 1418 2364 Lydorum
1450 2310 1607 2352 seriem
1639 2324 1739 2352 exa-

220 2375 484 2417 minandam.
549 2377 874 2419 controversias
915 2377 1058 2419 adhuc
1098 2380 1320 2420 tractatas
1361 2379 1601 2421 verisimile
1646 2394 1739 2422 esse

220 2444 410 2486 vidimus
445 2445 617 2487 omnino
649 2462 737 2487 11011
768 2446 1023 2488 referendas
1069 2461 1162 2488 esse
1194 2447 1250 2488 ad
1280 2447 1442 2488 librum
1472 2473 1528 2477 —
1558 2450 1739 2503 praeter

218 2514 343 2555 illam
375 2513 428 2556 de
452 2514 592 2569 Mysis
614 2514 847 2557 historiam
868 2540 936 2567 —,
971 2515 1047 2557 sed
1077 2514 1159 2557 hoc
1180 2515 1275 2557 1000
1298 2515 1562 2558 Herodoteis
1584 2530 1737 2558 narra-

218 2583 415 2626 tionibus
458 2585 633 2626 subesse
677 2584 839 2626 librum
882 2584 1038 2640 negari
1077 2600 1165 2626 non
1198 2586 1358 2640 potest.
1422 2585 1565 2627 oritur
1595 2585 1738 2641 igitur

219 2653 420 2708 quaestio
455 2653 609 2695 summi
640 2654 872 2696 momenti:
915 2655 1122 2710 potestne
1163 2653 1232 2695 hic
1263 2654 1376 2696 liber
1409 2669 1501 2696 esse
1533 2654 1737 2696 Xanthi?

342 2790 376 2825 1)
404 2786 508 2830 frgm.
538 2790 581 2821 65
618 2798 674 2831 ap.
701 2787 917 2821 Muellerum
951 2803 994 2815 z
1030 2787 1116 2821 Exc.
1154 2787 1236 2821 hist.
1277 2787 1396 2822 Const.
1436 2788 1481 2831 II,
1504 2791 1519 2821 1
1560 2799 1641 2832 pag.
1667 2789 1736 2822 344

218 2855 295 2887 cap.
325 2847 380 2879 27.
