1915 3190
770 150 822 155 -
886 126 911 166 7
973 149 1027 156 .-

139 242 390 286 auctoritas
422 241 489 285 his
531 240 573 283 in
614 241 742 283 rebus
777 240 964 282 multum
999 239 1145 292 valet,
1189 255 1272 282 uno
1315 239 1410 282 loco
1452 253 1477 281 a
1510 246 1662 281 nosti-n

138 311 365 356 sententia
393 310 620 367 discrepat
654 309 802 352 dicens
837 310 1005 357 bacula,
1038 324 1150 366 quiae
1174 309 1376 351 minister
1399 308 1440 351 in
1466 309 1663 351 manibus·

139 385 279 432 tenet,
311 395 399 423 non
432 379 620 428 flabella,
666 380 742 422 sed
777 382 895 422 siu-vs
928 395 1025 420 esse
1049 381 1089 433 ¹).
1154 378 1228 421 sed
1274 383 1323 421 ut
1355 382 1524 422 taceam
1559 378 1662 421 mihi

141 450 284 494 videri
317 450 492 492 minime
529 449 771 492 verisimile
804 464 901 491 esse
935 449 1165 506 pictorem,
1210 448 1284 504 qui
1328 447 1524 503 alioquin
1559 449 1662 490 ima-

138 521 284 576 ginem
319 524 411 562 tam
443 519 686 572 diligenter
719 523 765 561 et
797 518 1028 561 subtiliter
1059 518 1188 568 fecit,
1234 519 1352 560 faces
1396 522 1486 559 tam
1526 532 1663 573 prave

140 589 336 648 pinxisse
384 615 434 620 ——
487 588 890 643 Furtwaenglerus
938 588 1031 645 ipse.
1078 589 1340 630 confitetur:
1391 586 1663 639 „allerdings

140 659 333 703 schauen
364 658 426 701 sie
456 658 615 701 andei-s
639 673 717 701 aus
748 658 815 701 als
839 658 908 701 die
933 657 1105 700 iibliche
1129 658 1219 700 Art
1244 672 1328 699 von
1351 656 1572 700 Fackehi*
1596 682 1662 699 —.

141 728 277 772 etiam
318 728 524 782 intellegi
570 744 656 770 non
700 731 873 785 potest,
926 727 1031 784 quid
1074 727 1178 769 illae
1221 728 1340 769 faces
1382 726 1465 769 sibi
1508 726 1663 776 velint,

140 812 237 841 cum
269 812 406 853 rogus
439 798 632 854 undique
666 797 868 840 incensus
901 797 973 838 sit.
1026 812 1113 852 qua
1145 796 1198 838 de
1231 811 1363 838 causa
1396 795 1477 838 illa
1509 795 1664 838 bacula

139 867 339 924 putanda
380 871 485 910 sunt
525 882 621 910 cum
655 866 892 910 Welckero
932 865 1130 918 flabella,
1177 866 1292 922 quod
1337 868 1487 908 censet
1530 865 1663 908 etiam

139 937 371 994 Koeppius
415 937 459 991 gl.
483 937 543 991 l.).
604 952 692 993 qua
725 936 769 979 in
802 951 850 979 re
883 936 1062 978 dubium
1094 939 1257 986 manet,
1301 939 1449 977 utrum
1488 935 1555 976 his
1590 935 1663 977 lla-

140 1006 270 1050 bellis
311 1022 444 1063 rogus
487 1010 692 1050 sacretur
732 1032 785 1036 ——
818 1020 932 1063 quae
975 1009 1044 1049 est
1076 1005 1309 1048 XVelckeri
1351 1005 1578 1048 sententia
1614 1030 1664 1034 ——

138 1090 196 1120 au
227 1077 445 1120 confletur
477 1076 605 1132 ignis,
639 1076 713 1132 qui
745 1075 937 1118 nonduin
970 1075 1124 1118 sellam
1158 1074 1312 1118 Croesi
1348 1075 1518 1130 tetigit.

645 1213 707 1255 II.
759 1212 834 1255 De
867 1212 1142 1255 fontibus.

255 1298 351 1342 Hac
382 1300 500 1342 vasis
543 1299 737 1356 imagine
769 1299 958 1342 describi
992 1299 1206 1341 Croesum
1240 1313 1285 1341 se
1318 1298 1459 1355 ipsum
1491 1299 1665 1339 combu-

140 1371 312 1412 rentem
330 1368 533 1411 vidimus.
554 1394 607 1400 —
627 1368 702 1411 sed
725 1369 816 1411 alia
838 1368 1042 1425 quaestio
1066 1369 1290 1411 nascitur:
1314 1383 1444 1424 quam
1468 1367 1664 1410 fabulam

139 1437 286 1495 pictor
316 1437 549 1481 illustrare
583 1438 728 1482 voluit
751 1438 832 1480 hac
854 1438 1078 1494 imagine?
1123 1437 1521 1493 Furtwaenglerus
1555 1436 1666 1478 iudi-

136 1508 212 1550 cat
262 1506 344 1550 hae
395 1523 448 1550 ex
498 1507 691 1564 imagine
735 1507 937 1550 concludi
981 1522 1110 1564 posse
1155 1509 1383 1550 auctorem
1424 1506 1666 1550 nescivisse

138 1575 349 1620 Croesum
404 1582 633 1621 servatum
689 1592 785 1620 esse
840 1578 896 1619 ab
944 1576 1159 1634 Apolline
1177 1578 1220 1632 ²).
1293 1577 1331 1621 si
1377 1576 1485 1620 haec
1532 1575 1568 1618 F
1572 1581 1665 1619 urt-

137 1646 385 1703 waengleri
417 1647 644 1690 sententia
674 1649 799 1690 recta
840 1650 972 1700 esset,
1016 1646 1124 1689 haec
1156 1646 1278 1690 vasis
1312 1647 1458 1702 imago
1491 1646 1665 1702 praefe-

137 1715 277 1758 renda
299 1719 420 1759 esset
442 1716 728 1772 Bacchylidis
751 1716 1018 1769 narrationi,
1052 1716 1096 1758 in
1119 1731 1205 1772 qua
1228 1716 1438 1759 Croesum
1463 1715 1667 1758 servavit

140 1784 327 1842 Iupiter.
390 1785 498 1828 haee,
538 1786 685 1841 imago
730 1787 850 1828 esset
893 1785 947 1827 de
988 1785 1142 1828 Croesi
1188 1786 1326 1829 exitio
1370 1785 1666 1828 historiarum

137 1854 306 1911 primus
348 1854 536 1911 gradus,
583 1870 669 1911 quo
703 1854 868 1898 nullius
912 1854 982 1898 dei
1026 1855 1192 1898 mentio
1242 1855 1364 1898 facta
1410 1858 1539 1906 esset,
1589 1854 1663 1897 sed

258 1991 292 2026 1)
318 1987 409 2029 „Die
444 1998 624 2032 genauere
659 1999 749 2024 neue
792 1988 997 2023 Ausnahme
1032 1990 1126 2031 zeigt
1164 1988 1336 2030 deutlich,
1371 1988 1437 2022 wie
1471 1998 1527 2022 am
1565 1986 1667 2021 Ende

141 2045 207 2082 der
232 2045 343 2082 Stiihe
369 2046 444 2081 und
461 2047 626 2082 ofl'enbar
643 2048 743 2082 nicht
770 2059 835 2082 aus
862 2048 969 2082 ihnen
989 2046 1327 2090 herauswachsend‚
1355 2058 1446 2091 ganz
1468 2056 1666 2091 unsymme-

136 2105 250 2140 trisch
276 2105 692 2141 auseinanderlaufende
719 2107 848 2141 Linien
875 2111 1057 2148 ansetzen,
1084 2105 1155 2140 dass
1182 2116 1219 2140 es
1245 2106 1320 2140 sich
1348 2105 1454 2140 somit
1481 2105 1581 2139 nicht
1607 2115 1664 2139 um

137 2164 241 2198 einen
276 2162 582 2209 siicherformigen
611 2163 741 2199 Wedel
778 2165 945 2208 handelt,
988 2164 1143 2200 soudern
1181 2176 1238 2199 um
1275 2164 1472 2206 Flammen,
1507 2163 1565 2198 die
1601 2173 1665 2197 aus

140 2222 300 2258 Fackeln
326 2223 655 2268 herausspri'ihen“.

254 2283 292 2325 2)
319 2283 519 2327 „Apollons
538 2283 793 2319 Anwesenheit
811 2284 913 2319 hatte
936 2287 1080 2328 genugt,
1095 2324 1098 2326 q
1116 2293 1173 2317 um
1201 2283 1279 2318 eine
1298 2282 1502 2327 gluckliche
1521 2282 1667 2325 Losung

136 2339 203 2377 der
236 2340 418 2385 Tragodie
453 2342 716 2378 anzudeuten“.
773 2343 872 2385 „Der
907 2343 1141 2387 Erzfflssung,
1182 2342 1247 2376 wie
1284 2342 1393 2376 Solon
1430 2340 1498 2376 den
1538 2341 1666 2385 Ix'onig,

137 2399 249 2435 bevor
273 2411 313 2436 er
337 2401 415 2436 sein
441 2400 544 2436 Ende
570 2401 671 2436 nieht
697 2402 834 2445 kenne,
873 2402 934 2436 ihn
971 2402 1062 2436 auch
1091 2402 1191 2437 nicht
1219 2401 1279 2436 sur
1304 2401 1373 2436 den
1401 2400 1666 2445 glucklichsten

136 2458 229 2494 aller
252 2459 480 2496 sterblichen
507 2461 677 2496 erklfiren
704 2462 828 2505 wolle,
864 2461 984 2497 dieser
1010 2461 1225 2505 Erziihlung
1261 2461 1354 2496 fehlt
1374 2462 1413 2504 ja
1439 2460 1497 2494 die
1527 2460 1667 2502 Pointe‚

136 2528 239 2553 weuu
256 2517 315 2554 die
332 2518 497 2554 Gottheit
515 2520 726 2555 schliesslich
752 2520 817 2556 das
837 2520 1028 2555 Schicksal
1053 2520 1144 2555 doch
1165 2520 1257 2555 noch
1272 2531 1355 2562 ¹zum
1374 2519 1492 2554 Guten
1516 2517 1665 2552 weudet.

139 2577 225 2611 Also
260 2577 395 2613 kounte
430 2578 467 2612 in
502 2578 622 2614 dieser
646 2579 800 2615 Version
827 2579 1084 2624 ursprunglich
1113 2578 1177 2614 der
1202 2579 1432 2623 gewaltsame
1464 2576 1543 2612 Tod
1568 2577 1666 2611 nicht

138 2633 270 2670 fehlen.
308 2635 420 2672 Wohl
438 2637 526 2672 aber
545 2648 619 2672 war
639 2638 718 2673 eine
746 2638 833 2674 bose
851 2637 1046 2681 Wenduug
1077 2638 1135 2672 fur
1163 2637 1220 2671 die
1248 2648 1325 2671 vom
1354 2637 1471 2680 Ix'onig
1502 2646 1542 2671 so
1568 2635 1667 2670 reich

137 2692 315 2730 bedachte
349 2695 631 2731 Priesterschaft
659 2697 810 2742 Delphis
848 2697 950 2732 recht
986 2696 1080 2731 fatal
1108 2725 1114 2731 .
1143 2724 1149 2731 .
1179 2725 1186 2731 .
1228 2697 1295 2730 Die
1321 2696 1416 2731 Yase
1451 2695 1563 2730 bietet
1599 2705 1666 2728 uns

137 2753 215 2789 also
249 2752 307 2788 die
343 2754 555 2800 Erzfihlung
589 2757 681 2790 noch
718 2757 920 2791 unberuhrt
958 2767 1025 2791 von
1063 2755 1130 2791 der
1160 2756 1408 2800 griechischen
1440 2754 1667 2790 Geschichts-

141 2812 369 2857 falsehungss.
