1968 3206
858 215 1139 257 —ssss-

246 346 382 383 twa&
418 334 462 372 ct
496 329 657 371 ibidem
689 329 745 385 (p.
780 330 862 370 383
894 329 1058 382 MueH.,
1091 329 1198 371 Exc.
1235 329 1385 372 Const.
1418 330 1504 382 HI,
1537 344 1638 386 pag.
1667 330 1757 384 13):

244 400 551 453 βασιλεύοντος
594 397 640 439 δὲ
681 398 880 451 Μύρσου,
924 398 1153 447 Δάσκυλος
1191 399 1212 441 ὁ
1255 400 1492 440 Δασκύλου
1531 406 1608 440 τοῦ
1649 411 1759 454 σφαῌ

244 468 394 521 γέντος
437 468 519 509 ὑπὸ
563 468 837 519 Σαδυάττεω,
880 468 937 520 μὴ
980 468 1058 520 τὴν
1099 466 1333 520 ἐπιβουλὴν
1374 470 1435 516 εἰς
1477 467 1629 509 ἑαυτὸν
1670 468 1759 509 ἐπι-

246 538 459 590 σπάσηται
480 537 565 578 ὑπὸ
587 544 673 577 τῶν
697 538 986 588 Ἠρακλειὸῶν
1020 538 1249 589 φοβηθείς,
1281 536 1325 577 ἐκ
1360 539 1551 590 Φρυγίας
1581 539 1759 591 φεύγων

244 607 374 662 ᾤχετο
408 639 416 647 .
443 639 484 647 ..
519 605 653 647 etiam
695 604 742 645 hi
784 604 959 646 Nicolai
999 604 1086 646 loci
1127 605 1292 660 sumpti
1332 620 1424 647 esse
1455 621 1543 647 non
1573 609 1758 661 possunt

246 691 299 717 ex
331 674 573 727 Herodoto,
607 673 682 729 qui
713 673 781 715 his
815 673 867 715 de
899 674 1028 715 rebus
1060 672 1172 714 nihil
1202 674 1388 729 profert.
1411 699 1469 704 —-
1488 699 1544 704 —
1572 674 1759 731 denique

243 746 401 800 fragm.
435 745 490 784 24
523 746 567 785 et
599 744 653 783 49
686 742 834 794 Meles,
867 758 945 784 rex
967 741 1210 797 Lydorum,
1244 746 1620 785 commemoratur.
1673 759 1757 800 quo

246 815 463 870 regnante
494 813 539 854 in
562 811 712 867 Lydia
744 814 841 854 erat
873 812 1024 853 fames.
1088 827 1184 853 oum
1207 814 1334 854 vates
1356 811 1439 853 hac
1470 811 1522 854 de
1544 827 1591 854 re
1621 813 1757 855 inter-

244 883 394 939 rogati
438 882 657 924 dixissent
699 896 862 937 poenas
908 897 986 936 pro
1032 880 1164 923 caede
1208 881 1396 936 Dascyli
1441 881 1619 937 regibus
1666 897 1758 925 esse

245 952 424 1005 dandas,
458 967 535 994 rex
569 966 647 993 sua
679 953 836 1006 sponte
868 950 915 991 in
947 950 1127 992 exilium
1158 950 1225 1003 iit,
1259 953 1311 991 ut
1340 949 1515 992 caedem
1543 951 1755 1006 expiaret.

244 1037 392 1078 regem
425 1020 617 1064 eiusdem
648 1020 835 1062 nominis
868 1020 1004 1061 affert
1037 1019 1173 1062 etiam
1205 1019 1457 1061 Herodotus
1490 1019 1540 1074 (I,
1559 1020 1644 1073 84).
1689 1021 1758 1062 cui

246 1091 568 1133 Telmessenses
612 1089 837 1131 oraculum
882 1088 1100 1131 dederunt
1147 1088 1307 1130 Sardes
1351 1089 1447 1130 fore
1485 1089 1758 1145 inexpugna-

242 1161 366 1213 biles,
410 1160 444 1202 si
484 1159 653 1201 leonem
685 1158 802 1200 circa
833 1173 978 1200 muros
1011 1157 1205 1200 tulisset.
1268 1157 1385 1213 quod
1427 1157 1536 1200 fecit
1579 1161 1758 1214 praeter

243 1245 377 1271 unum
408 1229 563 1281 locum,
608 1228 684 1283 qui
724 1227 811 1269 iam
855 1242 934 1283 per
966 1241 1010 1269 se
1041 1226 1399 1283 inexpugnabilis
1440 1242 1533 1269 esse
1566 1227 1606 1269 ei
1637 1228 1756 1270 Vide-

242 1301 386 1340 batur.
451 1297 601 1340 eodem
632 1297 727 1338 loco
760 1312 908 1338 murus
941 1310 1144 1338 ascensus
1177 1298 1244 1338 est
1276 1310 1301 1337 a
1322 1296 1482 1338 Persis.
1507 1322 1551 1326 -—
1582 1296 1758 1338 Nicolai

242 1368 386 1409 locum
406 1383 495 1409 non
516 1366 706 1422 pendere
728 1367 782 1408 ab
804 1365 1034 1408 Herodoto
1057 1368 1264 1421 apparet3
1289 1365 1418 1407 immo
1441 1366 1478 1407 is
1500 1365 1756 1408 referendus

245 1439 311 1479 est
345 1436 401 1478 ad
432 1435 676 1478 Xanthum.
738 1435 826 1477 iam
866 1450 970 1477 vero
1012 1437 1162 1476 exstat
1203 1435 1319 1476 filius
1361 1434 1522 1491 aliquis
1553 1435 1756 1477 Heraclis

245 1508 290 1547 et
323 1505 578 1561 Omphalae,
621 1504 697 1560 qui
728 1504 1031 1546 adorabantur
1061 1504 1107 1545 in
1138 1503 1289 1558 Lydia
1319 1504 1406 1545 iam
1438 1504 1755 1560 antiquissimis

244 1575 530 1630 temporibus,
564 1574 633 1615 cui
665 1573 756 1615 filio
789 1588 947 1615 nomen
978 1575 1046 1615 est
1077 1572 1216 1614 Melas
1234 1573 1277 1627 ¹).
1339 1573 1531 1615 fortasse
1562 1573 1759 1616 conicere

244 1644 350 1686 licet
383 1659 533 1699 regem
565 1643 691 1684 illum
724 1643 943 1698 accepisse
983 1657 1141 1684 nomen
1184 1642 1342 1698 proavi
1372 1642 1512 1695 Melis,
1556 1642 1602 1684 id
1644 1643 1761 1699 quod

245 1712 493 1769 suspicatus
536 1727 628 1754 6336
671 1711 851 1755 videtur
895 1712 1031 1753 etiam
1063 1711 1505 1767 Wilamowitzius²).
1567 1711 1684 1768 quod
1724 1713 1760 1754 si

244 1785 415 1825 rectum
459 1785 539 1835 est,
586 1775 834 1824 efficeretur
878 1781 1013 1823 etiam
1056 1780 1174 1836 apud
1213 1780 1444 1822 Xanthum
1486 1795 1612 1836 reges
1656 1783 1760 1823 ante

243 1852 520 1894 Mermnadas
552 1867 737 1907 regumn
769 1851 1021 1893 obtinentes
1064 1850 1247 1906 stirpem
1285 1850 1546 1905 repetivisse
1586 1851 1640 1892 ab
1672 1850 1759 1893 He—

243 1921 361 1963 racle
394 1923 438 1963 et
470 1921 552 1962 hac
584 1920 637 1962 de
669 1934 801 1962 causa
834 1919 1092 1962 Heraclidas
1124 1919 1346 1975 putandos
1379 1934 1483 1961 esse.
1517 1944 1571 1949 —
1602 1919 1758 1976 quibus

244 2006 297 2033 ex
329 1990 603 2046 argumentis
645 1992 832 2045 apparet
871 1989 1139 2031 sententiam
1168 1988 1250 2030 Ed.
1283 1988 1456 2043 Meyeri
1486 1988 1562 2031 vix
1592 1991 1759 2031 rectam

245 2075 349 2102 esse.
412 2059 651 2102 tenendum
693 2061 760 2101 est
804 2059 940 2100 etiam
984 2058 1216 2100 Xanthum
1258 2058 1516 2113 cognovisse
1558 2057 1758 2100 Heracli-

245 2129 398 2171 darum
430 2129 625 2185 stirpem.

358 2210 422 2251 Ut
454 2209 782 2265 perspiciamus,
816 2208 1093 2264 acceperitne
1125 2222 1278 2263 regum
1308 2207 1486 2249 nomina
1518 2221 1543 2248 a
1574 2206 1756 2249 Xantho

243 2278 510 2331 Herodotus,
545 2280 805 2330 statuamus,
839 2292 946 2333 quos
978 2292 1104 2332 reges
1136 2279 1324 2333 uterque
1347 2279 1503 2318 auctor
1524 2276 1758 2318 memoriae

243 2347 490 2402 prodiderit
505 2363 512 2388 z

365 2528 398 2563 1)
426 2524 470 2558 cf.
498 2525 608 2559 schol.
638 2524 772 2558 Townl.
801 2523 846 2557 ad
873 2524 911 2557 ll.
940 2525 975 2556 Σ
998 2526 1082 2558 219:
1120 2522 1253 2565 Mvjaag
1281 2521 1321 2556 δὲ
1342 2520 1566 2565 <Ηρακλέους
1591 2521 1654 2555 καὶ
1676 2520 1756 2565 Ὀμ-

245 2583 364 2627 φάλης
393 2580 431 2617 ἐν
465 2588 508 2627 τῇ
536 2581 691 2629 καθόδῳ
724 2588 797 2616 τῶν
826 2581 1078 2624 ςΗρακλειδῶν
1104 2583 1286 2622 σαλπίζων
1314 2579 1516 2624 κατέπληξε
1543 2581 1627 2620 τοὺς
1653 2583 1756 2614 πολε-

242 2643 358 2686 μιόυς.

361 2716 397 2759 2)
426 2715 676 2758 Wilamowitz,
704 2714 881 2748 Herakles
910 2715 934 2754 Ι,
951 2716 1126 2756 316(91):
1158 2741 1172 2757 „
1196 2741 1201 2746 .
1226 2741 1231 2747 .
1253 2741 1259 2747 .
1282 2713 1406 2755 Melas,
1434 2713 1530 2746 Sohn
1557 2712 1618 2747 des
1645 2712 1756 2746 Hera-

242 2775 319 2807 kles
346 2774 419 2807 und
446 2774 509 2807 der
536 2774 709 2817 Omphale
737 2800 771 2807 ..
792 2801 822 2816 .,
850 2771 914 2806 der
941 2773 997 2806 bei
1023 2772 1087 2806 der
1107 2772 1302 2806 Heimkehr
1329 2771 1393 2805 der
1410 2770 1632 2806 Herakliden
1659 2770 1777 2813 hilft„

243 2832 299 2866 die
326 2844 393 2866 von
420 2833 571 2867 Trachis
598 2832 760 2876 ausging.
811 2832 862 2865 Er
889 2832 936 2865 ist
963 2831 1104 2865 einfach
1133 2831 1196 2865 der
1223 2831 1386 2875 Eponym
1413 2830 1477 2865 der
1497 2830 1641 2872 Melier3
1670 2830 1757 2863 aber

243 2892 295 2925 als
323 2889 456 2934 Μήλης
482 2892 579 2925 steht
606 2902 644 2925 cr
670 2892 703 2924 in
733 2890 796 2925 der
822 2890 1006 2934 lydischon
1034 2890 1255 2933 Kenigsliste
1284 2917 1290 2924 .
1311 2917 1316 2923 .
1337 2917 1343 2923 .
1365 2891 1393 2922 “.
