1915 3190
187 275 334 317 tinent
375 272 431 316 ad
472 270 749 329 bropositum
792 268 949 325 operis,
991 283 1076 324 quo
1122 282 1303 309 narrare
1338 266 1448 312 vult.
1492 266 1707 323 quomodo

187 343 348 386 Graeci
382 343 460 384 sub
501 341 787 383 barbarorum
829 337 1042 379 ditionem
1077 337 1293 379 venerint.
1355 351 1441 392 qua
1477 335 1518 377 in
1554 352 1598 378 re
1633 336 1708 377 im-

188 412 341 469 primis
374 412 561 452 Croesus
596 407 896 465 respiciendus
929 410 1040 453 erat.
1074 406 1196 448 euius
1230 405 1417 447 historia
1450 411 1490 446 et
1528 408 1709 447 fortuna

187 480 370 524 Graecis
415 478 646 522 notissima
692 482 786 520 erat
834 480 941 533 apta
991 475 1047 518 ad
1088 474 1347 518 alliciendos
1380 475 1560 518 animos.
1623 490 1709 531 qua

186 550 241 593 de
263 564 394 592 causa
418 548 549 606 paulo
572 548 749 602 longius
774 551 977 603 repetens
1001 550 1144 588 totum
1169 545 1320 587 Croesi
1343 545 1510 587 exitum
1535 545 1708 586 tristem

188 619 383 664 rettulit.
457 634 569 675 quae
617 618 817 660 narratio
864 616 1108 673 composita
1155 620 1219 656 est
1271 614 1401 671 plane
1448 614 1708 656 artificiose:

188 693 393 733 movetur
424 688 502 731 illo
535 688 713 730 oraculo
737 688 789 737 (l.
814 688 900 739 13j):
936 689 1046 735 τίσις
1081 688 1162 741 ἥξει
1197 685 1241 734 ἐς
1272 687 1348 726 τὸν
1380 685 1573 738 πέμπτον
1605 684 1710 725 ἀπό-

189 776 325 815 γονον
359 761 521 812 Γύγεω.
585 760 792 800 Croesum
827 756 883 799 ad
915 771 1127 798 summum
1160 758 1369 797 fortunae
1402 759 1445 796 et
1481 754 1711 810 potentiae

187 829 361 872 culmen
394 827 703 871 ascendentem
734 826 943 869 videmus.
998 825 1349 882 sapientissimus
1394 824 1513 866 illius
1547 823 1711 865 aetatis

190 899 261 941 vir
307 914 403 941 eum
451 898 680 945 admonet,
738 912 790 938 ne
848 896 1056 937 fortunae
1103 893 1310 936 confidat.
1389 893 1464 934 sed
1511 892 1711 947 neglegit

189 968 406 1026 sapientis
450 968 620 1009 monita
662 970 704 1008 et
753 966 907 1008 statim
952 964 1103 1007 evenit
1135 963 1363 1020 pernicies,
1409 978 1495 1018 qua
1528 963 1714 1018 punitur

193 1039 312 1082 illius
348 1040 487 1092 ι’(βριςε
533 1038 656 1093 Atys
692 1037 807 1078 tilius
841 1040 1046 1089 necatur:
1093 1048 1356 1090 quamquam
1389 1032 1592 1082 oraculis,
1637 1047 1713 1074 an-

189 1109 343 1165 guium
375 1107 600 1160 miraculo,
644 1122 721 1163 per
752 1105 1000 1148 Sandanem
1034 1103 1309 1155 admonetur,
1356 1118 1400 1144 se
1442 1102 1713 1159 praecipitat

192 1179 238 1220 in
271 1177 535 1235 periculum:
584 1191 610 1218 a
643 1176 878 1218 Persarum
912 1189 1016 1229 rege
1048 1174 1092 1215 in
1125 1187 1274 1230 pugna
1307 1172 1452 1215 victus
1484 1172 1580 1214 obit
1611 1171 1714 1213 tris-

191 1247 408 1290 tissimam
440 1249 617 1288 sortem.

309 1316 526 1368 Quoniam
560 1315 701 1370 igitur
722 1329 897 1356 causam
921 1318 965 1355 ct
989 1312 1350 1369 compositionem
1374 1310 1548 1366 Lydiae
1576 1310 1714 1352 histo·

194 1386 287 1428 riae
334 1385 615 1427 Herodoteac
663 1384 975 1439 cognovimus,
1022 1382 1155 1424 facilc
1200 1381 1535 1436 intellegenms.
1584 1394 1714 1436 quam

193 1455 335 1498 multa
357 1454 612 1497 Herodotus
636 1454 728 1510 ipse
751 1452 975 1495 addiderit
1009 1455 1051 1494 et
1086 1465 1215 1508 quam
1242 1465 1383 1507 pauca
1405 1449 1485 1491 hac
1518 1449 1563 1491 in
1586 1452 1715 1505 parte

193 1523 480 1581 concipienda
513 1524 613 1566 aliis
646 1539 699 1566 ex
732 1538 877 1565 rerum
910 1522 1201 1578 scriptoribus
1233 1520 1411 1563 haurire
1443 1519 1656 1576 potuerit.

308 1595 437 1637 Nunc
468 1593 697 1637 redeamus
729 1592 786 1635 ad
818 1593 1036 1634 rationem
1069 1592 1187 1634 inter
1220 1589 1493 1633 Herodotum
1527 1593 1572 1632 et
1595 1589 1716 1631 Xan-

193 1663 321 1706 thum
353 1663 649 1706 tractandam.
712 1666 1042 1719 perscrutemur
1073 1660 1271 1716 singulas
1303 1659 1643 1701 controversias.

312 1734 353 1787 1)
398 1733 499 1776 Una
525 1749 577 1775 ex
599 1731 877 1788 gravissimis
910 1734 977 1773 cst
1010 1731 1089 1772 illa
1112 1730 1165 1772 de
1189 1730 1325 1785 Gyge
1347 1744 1530 1784 regnum
1553 1727 1716 1785 adepto

194 1802 396 1855 historia,
419 1817 532 1859 quae
555 1804 609 1845 ab
633 1801 862 1844 Herodoto
885 1801 920 1845 I.
939 1801 1095 1853 8—13,
1118 1814 1143 1842 a
1162 1799 1348 1842 Nicolao
1370 1797 1717 1853 fr.49(111,383

196 1887 265 1930 ap.
300 1872 577 1926 Muellerum)
615 1876 828 1914 narratur
871 1870 999 1913 varia
1031 1870 1219 1912 ratione.
1273 1867 1528 1911 Herodotus
1551 1867 1632 1910 hac
1664 1866 1717 1910 de

194 1958 242 1985 re
288 1942 502 1999 comperit
549 1940 842 1993 Candaulem,
900 1955 1049 1995 regem
1094 1938 1346 1995 Lydorum,
1401 1940 1549 1980 ratum
1596 1951 1718 1979 suam

195 2027 376 2055 uxorem
409 2027 502 2054 esse
524 2011 733 2054 feminam
757 2009 1098 2067 pulcherrimam
1119 2008 1246 2064 Gygi
1270 2007 1503 2050 ostendere
1525 2006 1719 2049 voluisse

194 2081 319 2124 illam
365 2081 541 2124 nudam.
606 2080 756 2136 Gygi,
806 2093 1070 2136 quamquam
1115 2078 1258 2134 primo
1307 2077 1387 2119 hoc
1434 2076 1720 2119 vehementer

195 2151 502 2203 refutavisset,
530 2155 754 2208 postremo
780 2164 876 2192 cum
900 2163 1004 2204 rege
1021 2147 1290 2190 convenisse.
1336 2146 1536 2202 reginam
1555 2150 1718 2197 autem,

195 2235 294 2264 cum
326 2220 534 2263 sensisset
567 2219 746 2276 Gygem
791 2233 895 2274 rege
940 2220 1123 2260 auctore
1164 2231 1208 2259 se
1240 2215 1403 2258 nudam
1435 2215 1718 2272 spectavisse,

196 2291 253 2332 ab
284 2289 363 2332 illo
395 2289 707 2347 postulavisse,
740 2291 790 2330 ut
825 2291 904 2330 aut
937 2302 982 2330 se
1015 2289 1093 2329 aut
1124 2301 1274 2342 regem
1294 2288 1488 2328 necaret.
1541 2283 1720 2340 Gygem

197 2374 303 2416 rege
345 2359 586 2402 interfecto
630 2365 675 2402 et
720 2357 920 2414 reginam
964 2360 1009 2399 et
1050 2372 1234 2412 regnum
1275 2355 1485 2412 adeptum
1526 2370 1632 2397 esse.
1666 2380 1720 2384 --

195 2428 317 2487 apud
347 2429 580 2472 Nicolaum
611 2431 761 2471 autem
793 2427 981 2483 legimus
1013 2425 1142 2468 haec:
1175 2425 1437 2481 Sadyattes,
1470 2439 1548 2467 rex
1570 2423 1722 2478 Lydo—

196 2515 309 2552 rum,
340 2499 417 2557 qui
448 2498 689 2549 Tudonem,
721 2497 861 2539 filiam
883 2497 1115 2552 Mysorum
1146 2496 1278 2552 regis,
1307 2495 1358 2550 ,in
1389 2493 1720 2536 matrimonium

198 2568 358 2612 ducere
388 2567 584 2619 volebat,
617 2567 797 2623 Gygen]
819 2566 950 2608 iussit
974 2579 1178 2622 sponsam
1200 2563 1431 2606 adducere.
1484 2562 1529 2604 in
1561 2561 1721 2604 itinere

200 2637 358 2694 Gyges
399 2651 548 2680 amore
588 2636 887 2679 inflammatus
921 2634 1149 2677 Tudonem
1181 2632 1390 2689 amplecti
1422 2634 1606 2674 conatus
1639 2634 1720 2673 est.

199 2721 314 2764 quae
336 2722 432 2750 eum
455 2706 658 2749 refutans
689 2705 836 2748 omnia
857 2704 1041 2747 rettulit
1064 2702 1281 2758 Sadyatti
1303 2701 1412 2757 regi,
1445 2700 1521 2757 qui
1543 2699 1722 2757 Gygen]

199 2775 452 2819 interficere
483 2774 734 2818 constituit.
797 2773 873 2816 sed
904 2773 1083 2828 Gyges,
1128 2775 1365 2828 postquam
1405 2785 1483 2826 per
1513 2770 1723 2813 ancillam

200 2845 250 2888 in
278 2843 481 2887 cubiculo
513 2843 631 2900 regis
663 2844 942 2899 praesentem
974 2840 1205 2883 consilium
1227 2838 1465 2894 Sadyattis
1493 2839 1722 2896 comperit,
