1915 3190
188 753 268 799 De
298 752 516 806 ratione,
547 765 685 812 quae
715 752 993 798 intercedit
1023 752 1159 797 inter
1190 751 1516 797 Herodotum
1548 754 1600 797 et

658 822 856 868 Xanthi
887 821 1132 878 Lydiaca.

251 925 528 980 Quamquam
563 922 643 964 hac
676 921 729 964 de
761 921 1022 978 quaestione
1054 936 1263 978 persaepe
1296 923 1543 962 tractatum
1575 924 1654 973 est,

136 996 286 1037 tamen
341 994 474 1036 etiam
527 1007 642 1035 nunc
689 991 807 1034 haud
856 990 1015 1034 inutile
1059 1006 1152 1033 esse
1196 990 1376 1034 videtur
1419 989 1472 1032 de
1517 1005 1568 1032 ea
1611 1005 1657 1032 re

135 1078 363 1120 quaerere,
409 1062 670 1120 praesertim
714 1077 810 1103 cum
853 1061 939 1104 viri
982 1060 1161 1117 quidam
1202 1060 1322 1102 docti
1362 1075 1448 1102 non
1487 1074 1658 1116 semper

136 1147 200 1185 ea,
234 1148 347 1189 quae
380 1148 488 1190 opus
521 1136 601 1183 est,
635 1131 875 1188 prudentia
907 1131 952 1173 in
985 1130 1146 1173 iudicio
1179 1129 1361 1172 ferendo
1394 1130 1462 1172 usi
1495 1130 1598 1172 sint.

251 1202 461 1245 Xanthus
494 1201 665 1258 Lydus,
700 1200 942 1244 candaulis
975 1200 1104 1253 filius,
1139 1201 1289 1243 floruit
1322 1203 1539 1255 regnante
1571 1199 1657 1241 Ar-

135 1274 344 1324 taxerxe,
392 1287 497 1327 rege
543 1272 777 1314 Persarum
820 1272 1147 1326 (465—425)¹).
1222 1270 1516 1327 composuisse
1560 1284 1658 1312 eum

133 1345 350 1399 quattuor
394 1340 553 1394 libros,
600 1341 675 1398 qui
722 1341 1025 1383 inscribuntur
1066 1341 1282 1392 Λυὸιακά,
1339 1339 1499 1383 Suidas
1547 1338 1658 1392 (1.1.)

134 1412 303 1462 refert,
354 1411 470 1468 quod
516 1411 782 1467 fragmentis
834 1412 1158 1467 comprobatur.
1236 1410 1394 1467 quibus
1442 1410 1487 1452 in
1533 1409 1658 1451 libris

133 1483 366 1525 narratum
410 1483 478 1523 est
522 1480 575 1523 de
619 1484 743 1523 terra
786 1483 832 1523 et
873 1480 1036 1537 populo
1079 1479 1323 1536 Lydorum,
1369 1479 1422 1522 de
1463 1481 1593 1522 rebus
1634 1494 1660 1522 a

135 1549 368 1607 Lydorum
399 1550 578 1607 regibus
609 1550 764 1606 gestis,
798 1550 986 1593 maxime
1018 1549 1073 1593 de
1094 1550 1259 1593 fabulis
1291 1554 1337 1593 et
1367 1550 1593 1592 miraculis
1613 1550 1658 1605 2).

250 1619 399 1663 Primo
440 1620 535 1663 loco
577 1620 729 1677 paucis
770 1620 918 1663 verbis
959 1619 1187 1676 tangenda
1218 1624 1286 1663 est
1317 1621 1521 1677 quaestio
1555 1619 1659 1661 olim

137 1703 268 1746 saepe
312 1692 525 1743 tractata,
570 1693 722 1732 utrum
766 1689 981 1747 reliquiae
1023 1690 1199 1732 nomine
1242 1689 1417 1732 Xanthi
1460 1689 1659 1732 traditae

134 1759 354 1816 genuinae
397 1759 622 1816 putandae
670 1761 761 1802 sint
805 1775 953 1803 necne.
1027 1760 1150 1803 cuius
1192 1759 1311 1803 modi
1354 1759 1658 1804 dubitationes

135 1829 361 1872 excitatae
404 1832 508 1871 sunt
550 1829 750 1872 Athenai
802 1830 926 1885 (XII,
968 1844 1062 1886 cap.
1098 1830 1172 1884 11;
1220 1844 1321 1887 pag.
1362 1830 1517 1884 515D)
1561 1830 1656 1873 loeo

134 1898 379 1950 notissimo,
421 1914 507 1956 quo
548 1898 734 1941 dieitur:
782 1933 790 1940 .
816 1933 824 1941 .
850 1933 858 1941 .
890 1901 946 1949 ὡς
986 1901 1151 1954 ἱστορεῖ
1190 1901 1367 1950 Ξάνθος
1399 1901 1422 1943 ὁ
1454 1902 1601 1950 Λυὸὸς
1632 1901 1657 1954 ἢ

135 1967 158 2010 ὁ
190 1969 266 2018 τὰς
297 1970 358 2018 εἰς
389 1970 523 2011 αὐτὸν
555 1969 888 2023 ἀναφερομένας
911 1971 1106 2024 ἱστορίας
1127 1971 1442 2025 συγγεγραφώς
1473 1995 1528 2000 —
1551 1974 1657 2012 Διο-

134 2037 287 2087 νύσιος
318 2037 353 2080 ὁ’
389 2038 412 2081 ὁ
444 2040 797 2094 Σκυτοβραχίων,
830 2041 887 2089 ὡς
910 2039 1119 2092 Ἀρτέμων
1142 2038 1277 2095 φησὶν
1299 2040 1322 2082 ὁ
1344 2041 1657 2092 Κασσανδρεὺς

256 2171 290 2207 l)
316 2168 540 2212 Quamquam
566 2169 663 2214 apud
690 2169 837 2205 Suidam
864 2171 1096 2205 inveniuntur
1122 2171 1210 2205 haec
1229 2171 1356 2205 verba:
1384 2181 1412 2206 s.
1431 2182 1460 2204 v.
1483 2169 1654 2209 Ξάνθος;

135 2225 292 2266 Ξάνθος
327 2228 571 2262 Κανδαύλου·
608 2229 731 2269 Λυδὸς
768 2226 807 2264 ἐκ
842 2229 1034 2273 Σάρδεων,
1072 2228 1266 2272 ἱστορικός,
1304 2230 1464 2274 γεγονὼς
1498 2226 1558 2264 ἐπὶ
1592 2233 1657 2273 τῆς

135 2284 302 2326 ἁλώσεως
328 2286 518 2329 Σάρδεων.
569 2288 632 2323 sed
669 2289 737 2323 hoc
770 2289 814 2323 de
841 2290 977 2324 Xanthi
1012 2295 1133 2324 aetate
1165 2290 1390 2324 enuntiatum
1418 2300 1496 2324 esse
1524 2289 1656 2324 falsum

135 2345 314 2380 intellexit
341 2348 384 2381 A.
410 2345 454 2381 de
480 2346 693 2382 Gutschmid
720 2349 784 2386 (kl.
813 2348 1006 2391 Schriften,
1034 2348 1094 2391 lV,
1121 2351 1205 2390 308)
1240 2349 1446 2392 suspicatus
1472 2348 1655 2382 Xanthum

134 2413 255 2438 rerum
281 2405 496 2449 scriptorem
522 2416 543 2440 a
570 2405 682 2441 Suida
716 2412 973 2442 commutatum
999 2417 1079 2442 esse
1103 2418 1181 2442 cum
1200 2408 1344 2442 Xanthe
1363 2407 1494 2449 Samio,
1521 2407 1656 2450 Aesopi

134 2467 172 2498 et
186 2462 375 2508 Rhodopis
401 2463 556 2507 domino,
584 2476 688 2508 quem
709 2467 832 2500 Amasi
857 2471 1033 2511 regnante
1051 2469 1200 2510 (-526)
1225 2466 1391 2501 floruisse
1418 2471 1522 2510 putat
1544 2467 1655 2500 Hero-

134 2520 242 2557 dotus
267 2523 537 2566 (11,134‚135).
589 2535 675 2559 vera
701 2525 839 2560 Xanthi
871 2531 972 2561 aetas
1008 2527 1238 2569 cognoscitur
1273 2537 1352 2560 cum
1388 2536 1431 2560 ex
1458 2525 1539 2559 aliis
1566 2524 1654 2559 locis

135 2579 198 2624 (cf.
224 2580 372 2626 Dionys.
409 2582 489 2616 Hal.
526 2582 571 2618 de
603 2584 714 2618 Thuc.
742 2587 774 2627 5,
810 2595 891 2629 pag.
919 2586 1008 2627 82o;
1047 2585 1158 2619 schol.
1195 2585 1231 2618 in
1270 2585 1355 2618 Eur.
1395 2582 1567 2618 Androm.
1597 2586 1654 2626 10)

136 2643 212 2674 tum
238 2649 258 2674 e
282 2639 420 2675 Xanthi
446 2641 649 2686 fragmento
676 2645 696 2678 3
724 2644 797 2688 (ap.
824 2643 990 2678 Mueller.
1017 2644 1033 2678 I
1059 2655 1094 2688 p.
1119 2646 1192 2687 49),
1227 2654 1296 2687 quo
1323 2642 1473 2677 dicitur:
1593 2639 1654 2677 ἐπὶ

134 2696 364 2742 Ἀρταξέρξου
389 2698 568 2744 γενέσθαι
591 2700 709 2746 μέγαν
733 2701 878 2747 αὐχμόν
905 2731 911 2737 .
931 2731 939 2738 .
958 2731 965 2738 .
993 2723 1038 2729 -

256 2761 294 2802 2)
321 2761 580 2803 Argumentum
605 2761 828 2805 singulorum
854 2762 1029 2797 librorum
1056 2762 1198 2797 videtur
1224 2767 1323 2797 recte
1347 2762 1550 2797 restituisse
1568 2761 1657 2797 Gut-

133 2817 285 2861 8chmid,
311 2817 359 2852 kl.
387 2818 487 2853 Schr.
513 2819 575 2863 1v,
602 2822 682 2855 312.
