1952 3206
880 551 1169 596 Conclusio.

382 659 510 700 Nunc
560 658 616 700 ad
655 659 785 700 finem
815 658 957 700 libelli
988 659 1279 714 pervenimus.
1339 663 1494 714 restat,
1537 664 1589 703 ut
1621 662 1778 715 omnia,

268 742 379 784 quae
411 727 768 780 examinavimus,
802 727 1230 784 comprehendamus.

381 797 623 852 Postquam
656 796 840 838 Croesus
880 811 1031 853 pugna
1062 798 1208 840 victus
1250 800 1339 851 est,
1385 798 1543 841 Sardes
1575 814 1601 841 a
1632 799 1779 842 Persis

268 867 551 921 oppugnatae
583 868 698 907 sunt.
761 865 813 908 de
844 867 965 908 urbis
993 867 1322 923 expugnatione
1354 870 1535 910 exstant
1565 870 1780 924 quattuor

265 935 544 977 narrationes
566 935 684 991 apud
703 935 992 989 Herodotum,
1028 936 1234 989 Ctesiam‚
1268 936 1546 992 Polyaenum
1566 937 1777 992 traditae,

267 1019 378 1060 quae
401 1020 547 1046 omnes
569 1004 689 1047 inter
712 1020 757 1047 se
779 1004 1043 1060 discrepant.
1096 1006 1177 1048 hoc
1199 1022 1332 1047 unum
1354 1021 1565 1049 consensu
1589 1008 1780 1050 omnium

265 1076 468 1116 constare
499 1073 678 1116 videtur
708 1076 859 1116 urbem
890 1075 1049 1127 subito,
1082 1075 1274 1117 fortasse
1295 1078 1430 1118 noctu
1452 1091 1478 1118 a
1499 1076 1645 1119 Persis
1678 1077 1778 1119 dolo

265 1145 441 1198 captam
473 1157 578 1184 esse.

378 1211 445 1253 De
465 1211 616 1253 Croesi
637 1212 820 1255 fortuna
841 1213 994 1256 variae
1015 1214 1295 1256 narrationes
1316 1215 1552 1257 memoriae
1573 1215 1778 1271 proditae

264 1282 379 1322 sunt.
453 1281 641 1336 primum
687 1282 804 1337 apud
849 1282 1169 1338 Bacchylidem
1221 1286 1432 1325 narratur
1478 1284 1687 1326 Croesum
1733 1300 1777 1327 se

262 1349 405 1405 ipsum
429 1350 676 1393 sacrificare
698 1351 903 1404 voluisse,
933 1352 1009 1394 sed
1030 1352 1151 1395 Iovis
1174 1353 1303 1395 imbri
1326 1369 1348 1395 e
1370 1354 1554 1395 flammis
1577 1356 1778 1410 ereptum

263 1433 368 1460 esse.
431 1418 687 1474 Apollinem
719 1436 816 1462 eum
852 1422 1138 1464 transtulisse
1178 1422 1234 1464 ad
1264 1423 1593 1478 Hyperboreos.
1654 1423 1779 1465 illam

262 1488 566 1530 narrationem
614 1489 765 1532 Croesi
820 1506 865 1532 se
910 1491 1054 1547 ipsum
1108 1493 1405 1534 comburentis
1452 1494 1612 1548 probat
1658 1493 1776 1536 vasis

260 1556 420 1612 imago.

376 1626 547 1669 Deinde
578 1629 678 1669 tota
716 1628 816 1684 rogi
846 1629 1046 1671 narratio
1079 1632 1349 1672 commutata
1380 1633 1460 1672 est.
1522 1630 1775 1673 Herodotus

261 1697 307 1737 et
348 1711 493 1738 omnes
538 1699 740 1739 auctores
784 1699 1052 1753 posteriores
1091 1702 1278 1741 narrant
1310 1714 1336 1741 a
1369 1700 1488 1755 Cyro
1529 1700 1576 1741 in
1618 1715 1776 1756 rogum

260 1764 515 1817 impositum
557 1780 649 1807 esse
691 1766 911 1809 Croesum.
975 1770 1175 1810 attamen
1216 1769 1293 1811 ille
1338 1772 1541 1811 servatus
1586 1771 1665 1811 est.
1726 1784 1775 1811 re

260 1833 410 1889 aliqua
441 1834 685 1890 inopinata,
730 1850 861 1891 quam
902 1852 1050 1879 omnes
1089 1838 1283 1880 fabellae
1323 1838 1521 1881 traditae
1553 1838 1775 1895 explicare

261 1902 442 1944 student
474 1929 528 1933 —
560 1906 695 1960 atque
726 1904 808 1947 hac
839 1905 886 1947 in
917 1921 964 1948 re
996 1921 1141 1949 omnes
1173 1907 1293 1950 inter
1324 1923 1369 1950 se
1401 1907 1686 1950 consentiunt
1719 1933 1773 1938 ——

261 1971 372 2026 Cyri
403 1972 573 2014 animus
606 1976 805 2016 mutatus
839 1978 918 2027 est,
952 1981 1003 2017 ut
1034 1975 1178 2018 hostis
1210 1977 1333 2020 vitae
1365 1980 1579 2032 parceret.

373 2042 442 2083 Ex
475 2043 672 2085 omnibus
704 2045 1035 2087 narrationibus
1069 2046 1237 2101 optima
1269 2046 1530 2102 colligentes
1552 2046 1660 2088 haec
1683 2048 1772 2089 sta-

257 2112 445 2163 tuamus,
489 2126 601 2167 quae
642 2113 751 2154 satis
783 2116 986 2156 constare
1017 2114 1247 2157 videntur:
1294 2115 1479 2157 Croesus
1519 2115 1770 2171 impeditus,

258 2193 312 2220 ne
344 2194 388 2221 se
428 2180 571 2235 ipsum
609 2196 717 2237 rogo
759 2184 1046 2236 combureret,
1092 2197 1118 2225 a
1151 2184 1271 2239 Cyro
1312 2184 1486 2227 veniam
1525 2185 1770 2241 impetrans

258 2247 304 2288 in
336 2249 573 2290 amicorum
603 2266 829 2293 numerum
861 2254 1064 2308 receptus
1098 2254 1177 2294 est.
