2009 3201
1006 168 1292 209 -12—

394 287 528 329 nullis
561 285 769 337 oraculis,
811 284 967 339 quibus
1007 284 1123 325 mala
1163 282 1365 324 facinora
1405 296 1429 323 a
1462 281 1629 336 Pythia
1660 281 1902 336 probaban-

395 360 483 408 tur,
528 355 644 410 apud
676 354 868 396 Graecos
912 352 1129 394 diminuta
1169 354 1297 404 esset,
1339 350 1504 407 Delphi
1543 350 1665 392 illam
1697 364 1904 405 reparare

396 424 543 466 conati
565 429 681 474 sunt,
715 422 975 476 colligentes
998 420 1113 462 libro
1137 420 1421 462 narrationes
1445 419 1758 476 apologeticas,
1793 432 1905 474 quae

394 507 532 549 paene
579 506 748 547 semper
799 490 1057 544 discrepant
1097 503 1123 531 a
1169 489 1352 531 testium
1398 489 1705 545 indigenarum
1750 502 1904 530 narra-

393 561 602 604 tionibus.
655 559 840 615 originis
864 558 1105 613 Delphicae
1128 558 1299 613 signum
1330 561 1500 601 certum
1532 560 1600 600 est
1628 556 1903 599 narrationis

394 631 491 673 finis
523 630 837 686 apologeticus.
900 642 987 682 qua
1027 627 1079 668 de
1124 634 1256 668 causa
1298 627 1464 670 multae
1505 627 1782 669 narrationes
1826 627 1905 668 sub

393 701 566 742 nomine
599 697 768 740 oraculi
799 696 1004 752 Delphici
1035 696 1244 749 traditae,
1288 711 1396 752 quae
1427 712 1514 739 non
1545 696 1805 752 praedicant
1836 695 1907 737 dei

394 768 599 823 Delphici
641 766 850 821 gloriam,
898 764 1164 808 refutandae
1207 767 1330 817 sunt;
1375 779 1476 807 nam
1516 764 1698 807 oracula
1737 765 1906 819 fingere

394 837 510 890 apud
556 851 702 878 omnes
736 834 866 877 valde
908 835 1125 876 usitatum
1169 833 1408 876 artificium
1452 836 1566 876 erat.
1626 834 1706 875 has
1749 847 1905 876 narra-

392 907 536 949 tiones
568 905 805 960 Delphica-s
838 904 972 946 fuisse
1004 905 1303 956 ὑπομνήματα,
1337 903 1494 958 quibus
1517 902 1773 945 Herodotus
1801 916 1905 944 usus

395 979 484 1028 est,
532 991 618 1017 non
660 975 819 1016 librum
864 973 1061 1014 omnibus
1109 974 1337 1027 patentem
1384 971 1542 1014 Oerius
1589 973 1734 1027 putat.
1803 985 1907 1012 num

394 1045 647 1087 Herodotus
696 1059 742 1085 re
785 1057 894 1085 vera
937 1042 1052 1084 solus
1096 1041 1211 1083 hunc
1262 1041 1523 1083 thesaurum
1569 1040 1838 1096 expilaverit
1881 1054 1907 1082 a

395 1113 699 1156 sacerdotibus
732 1112 911 1163 electus,
944 1113 995 1152 ut
1027 1110 1284 1165 divulgaret
1316 1125 1467 1152 eorum
1500 1112 1756 1162 commenta,
1801 1108 1907 1150 mihi

394 1183 568 1238 quidem
602 1196 695 1223 esse
726 1180 904 1222 dubium
934 1179 1126 1231 videtur,
1162 1194 1257 1237 cum
1290 1178 1568 1221 sacerdotum
1592 1178 1907 1234 Delphicorum

394 1251 579 1293 maxime
629 1249 886 1292 interfuisse
936 1250 1088 1304 putem
1136 1262 1264 1303 quam
1308 1248 1508 1303 plurimis
1569 1248 1640 1289 dei
1696 1247 1909 1289 miracula

392 1335 593 1362 narrare.
631 1345 678 1349 —
714 1318 848 1360 etiam
870 1317 1312 1371 Wilamowitzius1)‚
1345 1331 1607 1373 quamquain
1629 1317 1759 1372 plura
1790 1315 1909 1358 fonti

393 1389 606 1445 Delphico
639 1387 892 1430 attribuens
934 1387 987 1428 ab
1022 1386 1154 1428 Oerio
1196 1386 1346 1442 paucis
1380 1386 1486 1428 locis
1521 1385 1791 1441 redargutus
1825 1387 1906 1438 est,

394 1462 541 1501 tamen
563 1460 772 1499 naturam
793 1456 931 1498 fontis
956 1456 1120 1512 optime
1143 1455 1379 1512 descripsit
1399 1456 1466 1497 his
1489 1455 1661 1499 verbis:
1691 1489 1707 1508 ,7
1727 1489 1734 1497 .
1754 1489 1761 1497 .
1779 1488 1787 1497 .
1812 1455 1909 1497 eine

394 1525 982 1582 Exegeteniiberlieferung‚
1029 1525 1106 1566 der
1137 1524 1295 1566 Atthis
1337 1525 1518 1580 analog,
1565 1525 1634 1566 ein
1665 1523 1790 1565 Buch
1821 1538 1907 1565 von

392 1596 761 1638 unschiitzbarem
793 1594 1179 1650 geschichtlichem
1213 1594 1302 1635 und
1333 1594 1604 1650 poetischem
1625 1593 1784 1635 VVerte
1816 1592 1907 1634 und

393 1665 504 1707 doch
534 1665 638 1706 kein
670 1664 863 1706 ediertes
895 1663 1031 1716 Bueh,
1073 1664 1133 1705 ist
1175 1663 1272 1704 hier
1303 1663 1603 1705 vollkommen
1633 1662 1905 1704 kenntlich“.

508 1733 680 1775 Deinde
712 1733 976 1775 difficillima
1006 1732 1087 1774 illa
1129 1732 1344 1788 quaestio.
1389 1746 1501 1788 quae
1546 1731 1628 1773 hoc
1667 1732 1712 1773 in
1752 1731 1905 1774 libello

392 1803 663 1859 permultum
695 1802 830 1853 valet,
864 1802 1050 1843 maxime
1082 1801 1128 1843 in
1159 1816 1210 1843 ea
1241 1805 1382 1857 parte,
1418 1816 1529 1857 quae
1552 1801 1721 1857 scripta
1754 1803 1821 1843 est
1852 1800 1906 1842 de

394 1873 568 1915 Nicolai
608 1871 874 1914 Damasceni
916 1871 1197 1921 narratione,
1245 1871 1494 1912 accuratius
1535 1870 1776 1913 tractanda
1822 1871 1904 1922 est,

393 1957 495 1983 num
526 1941 781 1983 Herodotus
813 1941 955 1996 primo
988 1940 1032 1981 in
1063 1940 1199 1992 libro,
1243 1955 1326 1995 quo
1361 1939 1530 1994 Lydias
1570 1954 1640 1981 res
1684 1939 1903 1991 narravit,

393 2026 497 2052 usus
532 2011 590 2052 sit
622 2010 793 2051 Xanthi
815 2009 1039 2064 Lydiacis.
1094 2009 1171 2050 sed
1194 2024 1290 2051 cum
1321 2008 1448 2050 huius
1482 2008 1756 2064 quaestionis
1790 2010 1905 2050 trac-

393 2080 508 2122 tatio
531 2079 660 2121 nimis
684 2079 966 2134 digrediatur
989 2093 1014 2121 a
1031 2078 1275 2134 proposito,
1301 2092 1395 2119 eam
1418 2078 1674 2119 differamus
1697 2077 1754 2119 ad
1774 2076 1905 2118 finem

393 2148 532 2191 totius
566 2148 912 2190 dissertationis.
973 2148 1054 2189 hoc
1093 2147 1188 2189 loco
1231 2147 1340 2189 satis
1383 2147 1443 2189 sit
1483 2161 1690 2188 summam
1723 2161 1906 2202 cognos—

393 2232 512 2259 cere:
564 2217 810 2272 ponendum
851 2218 921 2258 est
961 2216 1237 2258 Herodotum
1280 2231 1367 2258 non
1408 2230 1533 2258 usum
1573 2230 1666 2258 esse
1707 2215 1904 2258 Xantho.

393 2286 493 2327 fons
549 2286 692 2340 igitur
747 2285 939 2340 Lydius,
991 2286 1106 2327 unde
1153 2285 1302 2327 hausit
1345 2285 1622 2336 Herodotus,
1669 2300 1755 2327 non
1802 2286 1907 2330 sunt

394 2354 565 2396 Xanthi
597 2354 807 2409 Lydiaca.

510 2424 551 2477 1)
599 2423 915 2465 Narrationem
957 2423 1009 2464 de
1053 2422 1258 2464 Sardium
1311 2423 1639 2478 expugnatione
1682 2423 1905 2478 prolatam

392 2492 649 2534 Herodotus
693 2492 824 2534 debet
869 2491 987 2533 fonti
1028 2491 1188 2547 Lydio.
1267 2491 1383 2547 quod
1438 2494 1607 2534 certum
1662 2506 1757 2534 esse
1799 2491 1905 2532 mihi

393 2561 574 2603 videtur
621 2575 673 2603 ea
718 2577 770 2603 ex
824 2575 975 2613 causa,
1046 2560 1162 2616 quod
1207 2561 1289 2602 hoc
1346 2561 1491 2615 capite
1538 2562 1907 2603 commemoratur

395 2629 619 2671 oraculum
664 2629 1040 2671 Telmessensium.
1118 2629 1193 2685 qui
1247 2629 1498 2672 sacerdotes
1554 2629 1676 2672 urbis
1720 2629 1904 2672 Caricae

400 2700 645 2751 Τελμησσός
676 2697 763 2739 iam
795 2697 1116 2753 antiquissimis
1157 2698 1432 2754 temporibus
1472 2700 1657 2754 propter
1688 2698 1905 2741 vaticinia

519 2844 550 2875 1)
578 2841 828 2883 Wilaniowitz,
857 2841 1070 2875 Aristoteles
1099 2840 1170 2874 und
1197 2842 1315 2875 Athen
1343 2842 1368 2884 Ι,
1395 2843 1473 2875 284.
