2009 3201
1005 183 1291 225 ,14-

513 298 632 350 Quas
665 297 772 338 duas
794 298 948 352 partes
973 310 1068 338 esse
1090 296 1368 340 diversarum
1390 299 1696 341 narrationum
1718 300 1908 341 constat.

396 367 510 409 unde
542 366 727 408 haustae
760 364 895 407 sunt?

509 435 551 489 a)
597 435 669 476 Ab
702 434 891 476 historia
923 434 976 476 de
1000 434 1155 476 Croesi
1187 436 1232 476 et
1255 434 1427 478 Solonis
1449 436 1706 479 commercio
1730 435 1911 491 prolata

396 504 446 557 (Ι,
479 503 666 557 29-33)
710 502 818 545 11366
862 502 1036 545 Solonis
1078 503 1243 545 mentio
1288 503 1397 559 (cap.
1430 505 1502 559 86)
1546 505 1779 560 segregari
1821 519 1909 546 non

394 574 559 628 potest.
614 586 724 627 quae
749 574 816 614 est
839 572 966 627 quasi
986 572 1068 613 flos
1101 586 1124 614 e
1155 574 1256 614 tota
1278 572 1452 615 Solonis
1484 573 1639 616 fabula
1670 573 1908 629 decerptus

396 644 442 684 et
463 642 719 697 comprobat
742 640 955 695 sapientis
978 634 1268 683 Atheniensis
1292 641 1424 684 dicta.
1466 643 1582 698 quod
1604 642 1910 684 commercium

396 714 599 752 accurate
632 711 879 751 tractatum
918 711 987 751 est
1017 724 1042 752 a
1074 709 1319 752 Schuberto
1362 711 1460 765 (1.1.
1493 726 1594 767 pag.
1618 712 1673 754 70
1686 713 1781 767 sq.).
1834 711 1910 767 qui

396 779 565 821 fontem
622 779 755 833 putat
808 778 1006 834 Delphos
1025 779 1074 833 ¹),
1147 779 1303 835 quibus
1360 780 1405 820 in
1448 780 1672 822 Herodoti
1716 780 1909 822 fontium

394 862 575 890 numero
621 847 821 889 concedit
864 861 1067 903 magnam
1112 848 1442 891 auctoritatem.
1517 863 1647 905 quam
1691 850 1909 904 originem

396 916 620 959 concludit
652 931 674 959 e
712 917 798 959 fine
830 917 1064 970 historiae,
1108 932 1219 973 quae
1264 920 1332 960 est
1374 917 1427 959 de
1468 917 1621 960 Cleobi
1661 919 1707 960 et
1744 918 1909 961 Bitone

396 985 505 1041 (cap.
529 986 623 1040 31);
652 986 833 1039 Ἀργεῖοι
855 985 905 1027 δέ
926 998 1072 1040 σφεων
1104 988 1272 1035 finding·
1302 987 1586 1040 ποιησάμενοι
1618 987 1836 1028 ἀνέθεσαν
1866 986 1910 1036 ἐς

395 1058 602 1109 Δελφοὺς
631 1056 687 1104 ὡς
719 1055 892 1109 ἀνδρῶν
925 1056 1115 1109 ἀρίστων
1145 1056 1391 1110 γενομένων
1408 1056 1449 1107 2).
1503 1056 1580 1098 sed
1601 1058 1702 1098 tota
1733 1055 1910 1098 Solonis

394 1124 596 1166 narratio
630 1124 885 1167 Herodotea
915 1126 1099 1180 propter
1130 1124 1237 1166 haec
1268 1126 1407 1168 verba
1439 1140 1461 1167 e
1493 1124 1680 1180 Delphis
1712 1124 1910 1167 derivari

394 1207 482 1234 non
525 1195 674 1247 potest
693 1192 737 1247 3).
814 1193 925 1235 hanc
982 1193 1156 1236 Cleobis
1212 1193 1474 1250 Bitonisque
1517 1193 1714 1236 fabulam
1756 1193 1909 1236 Croesi

517 1333 550 1376 1)
578 1332 686 1376 Origo
722 1333 828 1367 huius
864 1333 1084 1367 narrationis
1112 1333 1288 1376 Delphica
1322 1333 1394 1366 iam
1430 1343 1495 1376 per
1529 1343 1567 1367 se
1601 1343 1673 1367 non
1705 1333 1908 1367 verisimilis

396 1400 474 1425 esse
501 1390 651 1425 videtur.
704 1402 784 1425 nani
811 1392 952 1426 Solonis
984 1392 1199 1426 mentionem
1226 1391 1424 1426 diminuere
1449 1392 1703 1426 auctoritatem
1729 1391 1909 1435 Apollinis

396 1450 572 1484 servantis
600 1454 763 1493 apparet.
814 1450 851 1484 id
884 1449 980 1494 quod
1017 1454 1114 1485 certe
1139 1461 1211 1484 non
1237 1451 1273 1484 in
1299 1451 1417 1485 animo
1445 1454 1524 1485 erat
1550 1450 1800 1485 sacerdotibus
1825 1450 1909 1485 Del-

395 1508 520 1550 phicis.
942 1500 946 1505 ⁴

516 1567 552 1611 2)
581 1567 679 1609 Quae
705 1567 845 1601 Cleobis
872 1568 1085 1611 Bitonisque
1119 1571 1261 1602 statuae
1297 1579 1411 1611 nuper
1444 1568 1611 1602 inventae
1637 1572 1721 1602 sunt
1747 1568 1910 1612 Delphis,

397 1625 520 1659 eodeni
554 1629 715 1669 tempore
750 1626 842 1660 (luae
877 1626 1090 1670 plinthides,
1129 1638 1220 1670 quae
1254 1626 1437 1669 quadrant
1471 1627 1507 1660 in
1543 1627 1624 1661 illas
1651 1631 1803 1662 statuas.
1854 1628 1910 1662 his

398 1683 633 1727 plinthidibus
659 1685 835 1728 inscripta
868 1690 952 1719 sunt
978 1686 1065 1719 haec
1093 1686 1218 1720 verba:
1260 1684 1429 1731 [Κλέοβις
1448 1686 1511 1720 καὶ
1530 1687 1659 1731 Βί]τον
1675 1686 1745 1720 τὰν
1763 1686 1911 1730 μοιτάροι

397 1743 561 1786 (plinthis
589 1745 635 1787 A)
672 1741 834 1787 ἐάγαγον
869 1748 931 1778 roff
952 1745 1065 1787 ὃυγοῖ
1086 1772 1091 1778 .
1113 1772 1146 1779 ..
1173 1743 1280 1788 μέδες
1306 1743 1426 1778 ἐποίεε
1453 1746 1626 1789 Βαργεῖος
1660 1746 1825 1790 (plinthis
1853 1746 1909 1789 B).

396 1803 463 1835 hoc
489 1813 631 1836 carmen
658 1807 825 1836 accurate
852 1807 1046 1837 tractatum
1074 1808 1129 1837 est
1154 1804 1198 1837 ab
1226 1804 1382 1838 Antonio
1410 1803 1454 1838 de
1479 1804 1722 1839 Premerstein
1748 1804 1911 1848 (Jahres-

396 1861 494 1895 hefte
523 1860 584 1895 des
612 1862 819 1896 osterreich.
849 1863 946 1896 arch.
973 1863 1060 1896 Inst.
1087 1863 1195 1897 lVien
1225 1865 1314 1897 1910
1349 1873 1430 1906 pag.
1457 1865 1499 1896 41
1514 1864 1602 1908 sq),
1642 1863 1702 1907 qui
1738 1874 1910 1898 summam

397 1919 651 1963 disputationis
690 1920 727 1954 in
764 1920 833 1954 fine
871 1921 923 1955 ita
962 1921 1231 1965 complectitur:
1280 1922 1341 1965 „In
1373 1922 1552 1966 wenigen,
1591 1922 1674 1956 naiv
1710 1923 1910 1956 schlichten

397 1979 547 2013 Worten
584 1979 696 2013 bietet
731 1979 788 2014 die
824 1979 1138 2015 aufschlussreiche
1164 1980 1338 2015 Inschrift
1371 1981 1439 2015 den
1465 1981 1662 2015 historisch
1687 1981 1760 2016 und
1785 1982 1911 2016 kunst-

397 2038 654 2081 geschichtlich
675 2038 932 2074 bedeutsamen
945 2040 1288 2083 Urkundenbeweis‚
1307 2039 1375 2074 dass
1390 2041 1426 2074 in
1446 2040 1514 2074 den
1532 2039 1660 2074 beiden
1674 2041 1911 2075 archaischen

396 2096 605 2137 Zwillingen
630 2097 667 2130 in
692 2097 825 2140 Delphi
850 2098 1067 2132 tats'achlich
1095 2098 1152 2132 die
1179 2109 1246 2132 von
1275 2098 1438 2133 Herodot
1464 2099 1672 2133 erw'ahnten
1698 2099 1771 2132 und
1796 2099 1910 2143 gewiss

397 2156 488 2188 auch
523 2156 724 2198 gesehenen
750 2157 971 2190 Denkmaler
1005 2156 1069 2190 der
1105 2157 1317 2191 beruhmten
1352 2157 1493 2191 Br'uder
1518 2157 1666 2192 Kleobis
1702 2157 1776 2192 und
1801 2158 1911 2192 Biton

396 2224 462 2247 uns
490 2214 653 2248 erhalten
681 2214 770 2248 sind.
822 2215 944 2248 Durch
970 2215 1330 2250 hochalterti'unliche
1355 2215 1504 2250 Schrift-
1525 2215 1598 2250 und
1618 2216 1909 2261 Sprachformen,

397 2271 454 2305 die
481 2273 532 2306 sie
560 2273 613 2307 als
640 2273 788 2308 altestes
814 2274 970 2317 Zeugnis
997 2273 1226 2318 delphischer
1252 2275 1481 2319 Epigraphik
1517 2277 1700 2319 erweisen,
1736 2276 1911 2320 bestatigt

398 2330 448 2364 sie
474 2331 520 2363 im
546 2331 678 2365 Verein
714 2333 777 2366 init
812 2332 892 2366 (16111
919 2333 1152 2367 archaischen
1181 2333 1382 2368 Charakter
1417 2333 1481 2368 der
1508 2335 1682 2378 Skulptur
1718 2335 1782 2370 das
1809 2336 1911 2370 chro-

397 2389 604 2433 nologische
630 2390 745 2424 Urteil
771 2390 833 2425 des
860 2392 1008 2426 antiken
1034 2392 1470 2435 Geschichtsschreibers,
1506 2393 1570 2427 der
1604 2393 1661 2428 die
1693 2394 1912 2429 Ruhmestat

399 2447 462 2482 dor
488 2448 628 2483 Br'uder
663 2449 734 2483 und
769 2449 826 2484 die
852 2451 1074 2494 Errichtung
1105 2452 1204 2485 ihrer
1231 2452 1382 2486 Statuen
1407 2453 1444 2486 in
1470 2453 1672 2487 solonische
1697 2453 1794 2496 Zeit,
1831 2454 1909 2488 also

398 2508 567 2551 beilautig
603 2509 658 2543 ins
692 2508 798 2543 fruhe
833 2512 863 2543 6.
890 2509 1151 2553 Jahrhundert‚
1192 2515 1362 2545 ansetzen
1399 2522 1444 2545 zu
1486 2511 1599 2546 sollen
1633 2512 1789 2556 glaubte.
1841 2512 1910 2547 Die

398 2568 594 2610 Annahme‚
622 2567 691 2601 dass
709 2568 871 2603 Herodot
898 2596 931 2603 ..
955 2597 960 2603 .
988 2569 1076 2612 hier,
1112 2570 1177 2604 wie
1204 2570 1501 2605 wahrscheinlich
1527 2572 1618 2605 auch
1644 2572 1692 2605 im
1719 2572 1820 2606 Falle
1847 2571 1909 2606 des

398 2626 534 2670 Tellos,
572 2637 639 2660 von
675 2626 738 2661 der
763 2628 1010 2671 Betrachtung
1036 2628 1109 2663 und
1135 2629 1280 2673 Lesung
1312 2629 1374 2663 des
1401 2630 1630 2664 Monuments
1656 2641 1910 2674 ausgegangen

398 2686 456 2728 ist,
482 2685 555 2719 und
581 2685 637 2720 die
665 2687 809 2720 weitere
826 2687 1061 2731 Vermutung‚
1089 2687 1158 2721 dass
1186 2698 1224 2722 er
1250 2688 1431 2723 vielleicht
1458 2699 1564 2733 sogar
1591 2690 1689 2724 seine
1708 2690 1909 2733 Datierung

400 2755 462 2778 aus
490 2744 611 2779 diesen
638 2748 863 2780 entnonimen
889 2747 962 2790 hat,
990 2746 1069 2780 sind
1095 2747 1232 2781 schwer
1258 2758 1325 2781 von
1352 2747 1415 2782 der
1440 2747 1546 2782 Hand
1572 2759 1617 2782 zu
1642 2748 1807 2783 weisen“.

517 2807 552 2847 3)
581 2804 683 2846 Quod
709 2805 817 2839 etiam
844 2805 1065 2839 Schubertus
1092 2807 1225 2840 sentire
1251 2806 1393 2841 videtur
1419 2807 1540 2841 dicens
1575 2808 1623 2851 (p.
1643 2808 1723 2852 77):
1762 2807 1910 2851 „Ausser

400 2863 463 2896 der
482 2862 713 2906 delphischen
733 2863 921 2898 Tradition
940 2865 1003 2899 hat
1020 2865 1182 2900 IIerodot
1206 2866 1323 2900 sicher
1341 2866 1433 2900 auch
1456 2866 1547 2900 noch
1574 2866 1747 2900 manahen
1773 2865 1910 2900 andern
