2009 3201
347 296 582 352 profertur
613 294 837 336 sententia
868 308 955 334 non
978 293 1151 335 Solonis
1184 294 1290 342 veri,
1324 294 1400 335 secl
1422 293 1643 336 Herodoti
1663 293 1799 348 ipsius
1816 293 1857 346 ¹),

348 365 469 406 cuius
501 366 651 405 aetate
688 362 803 404 tales
837 362 1131 416 cogitationes
1164 362 1460 417 pervulgatae
1493 364 1622 403 erant
1652 361 1857 403 Athenis.

349 433 463 488 quod
508 431 652 473 elucet
694 446 789 473 cum
827 446 879 473 ex
911 430 1011 472 aliis
1045 430 1151 472 locis
1183 430 1450 473 Herodoteis
1472 431 1515 485 2),
1561 433 1654 473 tum
1697 445 1749 472 ex
1792 430 1859 471 his

348 501 638 544 testimoniis:
685 500 844 542 Aesch.
880 499 1000 541 Pers.
1035 499 1139 551 3623
1187 499 1273 554 Ag.
1308 500 1412 554 947,
1457 499 1587 555 Soph.
1621 499 1689 542 El.
1728 500 1857 551 l46f5;

347 570 576 625 Aristoph.
611 569 729 611 Plut.
764 571 832 611 87.

463 639 706 681 Praeterea
738 654 759 680 e
793 637 990 690 Solonis,
1035 637 1103 678 cui
1147 636 1254 679 haec
1299 639 1435 680 verba
1475 637 1700 679 attributa
1743 640 1858 689 sunt,

348 723 537 764 persona
568 708 718 763 colligi
750 709 902 763 potest
940 707 1017 747 hoc
1051 706 1317 762 colloquium
1347 707 1497 749 fictum
1530 723 1624 750 esse
1655 707 1859 750 Athenis.

462 789 683 844 Denique,
739 788 774 830 si
816 787 1120 830 narrationem
1162 788 1304 842 ipsam
1347 789 1719 844 contemplamur,
1767 788 1859 830 eius

348 860 492 900 forma
508 858 669 900 Attica
685 859 843 913 aperte
862 857 1132 912 agnoscitur,
1157 856 1344 898 maxime
1366 857 1411 898 in
1431 856 1566 912 longa
1587 857 1668 898 illa
1686 857 1859 900 Solonis

348 927 550 970 oratione
597 928 705 983 (cap.
753 926 844 982 32);
897 925 1050 968 credas
1095 925 1342 981 sophistam
1381 925 1585 968 Atticum
1631 926 1684 968 sle
1730 928 1861 968 rebus

348 996 549 1038 humanis
575 996 810 1051 fragilibus
845 997 890 1037 et
917 994 1090 1037 caducis
1114 994 1335 1036 uberrime
1358 994 1586 1037 docentem
1618 997 1665 1037 te
1695 994 1860 1037 audire.

349 1064 550 1120 captiosa
580 1065 660 1107 illa
690 1064 831 1106 ratio:
865 1063 907 1113 ἐς
929 1066 1009 1117 γὰρ
1042 1063 1338 1117 ἑβὸομήκοντα
1371 1066 1463 1104 ἔτεα
1496 1060 1628 1117 οὖρον
1659 1070 1734 1116 τῆς
1769 1065 1862 1116 ζόης

347 1134 568 1190 ἀνθρώπῳ
600 1136 850 1186 προτίθημι.
902 1131 1019 1174 οὗτοι
1043 1133 1186 1181 ἐόντες
1209 1132 1397 1174 ἐνιαυτοὶ
1419 1133 1711 1186 ἑβδομήκοντα
1732 1132 1861 1185 παρέ-

346 1220 491 1257 χονται
536 1203 694 1256 ἡμέρας
737 1204 958 1255 διηκοσίας
1001 1204 1070 1243 καὶΥ
1121 1205 1464 1256 πεντακισχιλίας
1506 1203 1576 1243 καὶ
1619 1203 1860 1256 δισμυρίας,

347 1271 583 1325 ἐμβολίμου
626 1273 762 1326 μηνὸς
803 1273 859 1325 μὴ
904 1271 1159 1324 γινομένου·
1194 1304 1202 1312 ,
1231 1304 1270 1312 ..
1318 1271 1603 1326 sophisticam
1648 1270 1863 1325 originem

345 1355 452 1396 prae
485 1356 530 1383 se
560 1341 681 1382 ferre
712 1340 819 1382 mihi
851 1340 1030 1382 videtur
1049 1340 1093 1393 ³).
1146 1340 1332 1382 maxime
1355 1342 1504 1382 autem
1525 1339 1860 1396 insequentibus

346 1410 390 1450 in
422 1410 568 1452 verbis
610 1410 900 1452 inveniuntur
943 1409 1238 1463 cogitationes
1286 1410 1477 1452 recentis
1522 1409 1705 1461 aetatis,
1751 1423 1862 1465 quae

346 1482 467 1522 certe
512 1480 730 1521 debentur
773 1479 1005 1535 sophistis:
1051 1479 1122 1521 vir
1162 1493 1331 1534 pauper
1372 1479 1597 1531 laudatur,
1642 1479 1717 1534 qui
1759 1493 1862 1534 opes

349 1562 450 1590 suas
501 1562 645 1590 secum
700 1550 885 1603 portans
941 1562 1092 1590 veram
1147 1548 1413 1590 felicitatem
1464 1548 1740 1603 assequitur;
1788 1547 1863 1590 sed

348 1617 530 1669 divites,
579 1632 841 1672 quamquam
883 1617 1036 1672 opibus
1087 1617 1326 1669 abundant,
1378 1618 1509 1660 beata
1554 1618 1651 1660 vita
1697 1620 1864 1659 carent.

346 1703 449 1729 num
480 1688 574 1730 tale
606 1688 872 1744 colloquium
894 1688 1114 1731 traditum
1138 1691 1205 1730 est
1227 1703 1253 1731 a
1276 1689 1583 1731 sacerdotibus
1607 1688 1866 1745 Delphicis?

344 1772 447 1798 num
469 1757 536 1798 illi
559 1757 901 1800 celebraverunt
922 1758 1065 1799 Virum
1087 1772 1340 1813 pauperem,
1376 1758 1451 1813 qui
1474 1758 1557 1800 sibi
1580 1760 1702 1800 certe
1723 1772 1866 1813 neque

345 1840 501 1868 aurum
524 1841 664 1882 neque
686 1829 923 1882 argentum
945 1827 1152 1869 dedicare
1173 1829 1336 1883 posset,
1364 1827 1560 1882 pretiosa
1581 1827 1659 1869 illa
1681 1826 1865 1869 donaria

345 1894 513 1948 Croesi,
547 1895 754 1938 ditissimi
785 1897 915 1951 regis,
948 1896 1276 1951 neglexerunt?

461 1976 619 2018 Omnes
652 1977 792 2031 igitur
823 1977 1139 2032 cogitationes,
1183 1992 1291 2033 quas
1326 1977 1406 2019 hac
1436 1978 1482 2019 in
1514 1977 1715 2019 oratione
1745 1979 1862 2019 trac-

345 2045 464 2087 tavit
496 2046 766 2098 Herodotus,
800 2046 972 2088 omnino
1006 2061 1093 2088 non
1127 2046 1293 2089 cadunt
1323 2046 1368 2088 in
1399 2046 1609 2102 Delphos,
1643 2048 1695 2088 ut
1727 2046 1863 2101 suspi-

346 2116 472 2155 catus
507 2117 574 2156 est
596 2114 880 2157 Schubertus.
932 2120 1173 2170 praeterea
1195 2116 1302 2157 haec
1323 2115 1522 2157 narratio
1544 2115 1655 2156 nihil
1687 2115 1863 2157 confert

346 2183 402 2224 ad
434 2183 658 2238 Apollinis
700 2184 876 2226 laudem
906 2184 1226 2236 celebrandam,
1269 2198 1367 2240 qua,
1410 2186 1462 2226 ut
1493 2198 1628 2240 supra
1658 2183 1860 2237 vidimus,

345 2251 587 2307 Delphicae
618 2252 898 2294 narrationes
930 2267 1081 2295 carere
1114 2268 1203 2295 non
1234 2255 1433 2308 possunt.
1486 2253 1614 2295 immo
1643 2268 1748 2295 vero
1780 2253 1861 2295 hoc

346 2319 441 2362 loco
473 2321 598 2363 nobis
632 2324 867 2363 occurrunt
906 2321 1157 2364 sententiae
1189 2322 1412 2364 Herodoti
1443 2322 1634 2365 Athenis
1666 2322 1861 2365 viventis

345 2391 394 2431 et
426 2389 793 2441 rationalismum,
827 2391 901 2446 qui
933 2391 1110 2444 dicitur,
1145 2391 1371 2447 sequentis
1389 2392 1435 2447 4).

461 2469 589 2512 Hanc
628 2471 681 2513 de
714 2471 888 2514 Solonis
932 2475 977 2514 et
1010 2472 1163 2514 Croesi
1199 2472 1419 2528 colloquio
1451 2473 1755 2515 narrationem
1789 2488 1860 2515 ar-

345 2539 515 2581 tissime
555 2539 792 2582 cohaerere
836 2555 931 2582 cum
971 2540 1092 2583 illius
1135 2541 1180 2582 in
1222 2556 1313 2597 cap.
1347 2541 1384 2595 Ι,
1417 2542 1471 2582 86
1511 2542 1734 2584 mentione
1773 2542 1860 2585 iam

468 2682 501 2716 1)
529 2677 574 2712 cf.
601 2677 667 2711 Ed.
697 2679 1002 2722 Meyer‚·Forsch.
1030 2679 1074 2722 II,
1102 2681 1180 2714 260.

466 2739 502 2779 2)
529 2736 572 2770 cf.
601 2737 662 2779 ΙΙΙ,
690 2739 753 2779 4ο;
780 2738 861 2780 VII,
892 2740 944 2780 10,
961 2740 992 2771 5.

465 2798 501 2837 3)
529 2795 572 2828 ef.
602 2795 711 2838 Diels,
739 2795 781 2829 N.
809 2796 934 2829 Jahrb.
963 2796 987 2831 f.
1015 2795 1037 2829 d
1074 2797 1182 2831 klass.
1211 2797 1282 2830 Alt.
1312 2799 1367 2840 25,
1386 2799 1426 2831 13
1443 2808 1519 2841 sqq.

467 2856 501 2889 4,
529 2854 571 2887 ef.
597 2853 658 2888 Ed.
680 2855 812 2898 Meyer,
832 2855 979 2889 Forsch.
999 2856 1044 2898 II,
1063 2857 1131 2890 239
1143 2867 1207 2899 sq„
1235 2855 1278 2890 cf.
1299 2856 1405 2890 etiam
1424 2857 1528 2891 huius
1547 2856 1659 2891 libelli
1678 2868 1710 2901 p.
1724 2859 1768 2890 22
1780 2868 1859 2901 sqq.
