2009 3201
945 185 1233 226 —38—

448 304 490 349 3‘)
536 302 616 353 {IX}
636 301 701 353 33,
720 301 766 341 4:
800 299 895 341 Hoe
916 300 1168 354 fragmento
1193 299 1410 342 Diodorus
1443 302 1583 343 refert
1616 302 1843 345 Herodoto

333 375 449 416 teste
476 355 606 412 illam
636 369 845 421 fabulam,
879 383 965 424 qua
997 371 1223 420 narratur,
1267 369 1481 424 quomodo
1515 370 1660 425 Cyrus
1694 370 1845 414 Croesi

332 441 478 483 verbis
512 440 751 480 commotus
785 437 1061 492 prohibuerit
1092 437 1257 478 milites
1289 439 1438 479 urbem
1471 438 1675 495 diripere.

445 508 489 562 4)
535 508 614 559 IX‚
635 507 709 548 34:
745 506 910 561 Cyrum
934 506 1052 561 pium
1076 506 1302 560 putavisse
1326 506 1546 560 Croesum,
1570 508 1686 563 quod
1707 509 1846 551 imber

332 576 568 619 defluxerit
600 578 645 617 et
675 576 870 616 flammas
900 574 1177 626 exstinxerit„
1212 577 1256 616 et
1279 576 1531 617 memoriam
1553 576 1725 619 Solonis
1748 593 1844 620 ver-

332 649 485 688 borum
525 645 759 687 retinuisse
802 646 847 685 et
887 644 1012 685 illum
1053 640 1236 685 honeste
1278 659 1421 685 secum
1459 645 1646 688 duxisse.
1710 647 1846 689 etiam

332 715 487 757 sivisse
521 729 617 755 eum
644 713 851 755 Croesum
882 713 1099 754 interesse
1131 712 1337 765 consiliis7
1371 728 1466 754 oum
1497 715 1610 757 utile
1643 730 1735 757 esse
1766 731 1844 771 pu-

331 786 453 825 taret
477 798 572 824 eum
595 782 719 823 bonis
743 784 788 823 et
812 782 1086 838 sapientibus
1105 782 1212 824 viris
1235 796 1365 837 quam
1386 782 1588 838 plurimis
1609 784 1772 827 vivere.
1789 810 1845 815 -—

332 852 468 894 etiarn
499 851 607 893 haee
638 851 862 892 fluxerunt
895 866 948 892 ex
979 850 1197 892 Herodoti
1232 866 1373 906 opere.

450 920 667 962 Diodorus
701 919 868 961 duabus
902 920 948 961 in
970 920 1173 975 partibus
1195 920 1365 961 ultimis
1398 920 1440 974 (3
1464 922 1508 962 et
1527 921 1571 975 4)
1602 921 1726 964 illam
1747 922 1846 977 rogi

330 989 549 1041 fabulam,
596 989 770 1031 etiamsi
813 989 963 1044 paucis
1004 989 1151 1031 verbis
1193 988 1433 1031 identidem
1474 991 1843 1043 commemoravit,

331 1073 595 1115 quamquam
616 1058 696 1110 IX„
716 1058 741 1097 2
764 1060 970 1099 accurate
997 1072 1091 1099 eam
1113 1060 1415 1112 trac-taverat3
1444 1058 1561 1114 quod
1583 1059 1844 1114 explicatur,

330 1130 382 1169 ut
413 1127 546 1169 etiam
570 1126 649 1167 Ed.
674 1126 976 1168 Schwartzius
998 1129 1144 1182 putat,
1179 1142 1231 1168 ex
1255 1142 1316 1180 eo,
1351 1127 1467 1183 quod
1489 1127 1684 1170 diversos
1706 1131 1845 1172 testes

332 1198 506 1239 secutus
555 1198 621 1237 est
668 1195 900 1237 Diodorus.
976 1195 1136 1237 elarius
1191 1195 1298 1238 haee
1353 1197 1545 1238 fontium
1591 1197 1846 1241 differentia

330 1265 633 1320 intellegetur,
666 1265 702 1306 si
724 1265 1002 1306 narrationes
1026 1265 1145 1306 inter
1168 1280 1212 1307 se
1234 1267 1652 1321 comparaverimus:
1687 1268 1844 1321 altera,

329 1348 460 1390 quam
492 1334 747 1375 rettulimus
780 1333 837 1375 ad
868 1334 1124 1376 memoriam
1154 1334 1375 1387 Atticam,
1418 1336 1558 1377 nescit
1590 1336 1846 1392 Apollinem

329 1404 459 1445 imbri
492 1418 689 1445 servasse
714 1403 943 1457 Croesan
979 1404 1053 1460 qui
1077 1407 1255 1460 ereptus
1287 1407 1354 1447 est
1388 1420 1410 1447 e
1442 1406 1625 1448 flammis
1659 1422 1845 1449 eommu-

329 1473 504 1514 tatione
537 1472 647 1527 Cyri
678 1473 814 1514 animi
846 1473 951 1514 sola.
1014 1473 1090 1515 sed
1120 1473 1167 1514 in
1197 1473 1355 1527 altera,
1389 1489 1500 1530 quae
1533 1490 1585 1517 ex
1618 1476 1845 1519 Herodoto

329 1542 472 1594 fluxit„
506 1541 656 1583 imbris
689 1541 913 1597 Apollinis
946 1542 1110 1584 mentio
1144 1545 1211 1584 est
1242 1544 1377 1585 faeta.

444 1611 561 1652 Num
604 1611 844 1653 relationes
892 1612 986 1666 (sub
1020 1612 1057 1663 2„
1083 1613 1120 1664 3,
1152 1612 1179 1652 4
1223 1614 1598 1668 commemoratas)
1644 1613 1843 1657 hauserit

328 1678 551 1721 Diodorus
574 1694 626 1721 ex
648 1679 839 1735 Ephoro,
873 1680 948 1735 qui
971 1680 1137 1722 duobus
1160 1681 1427 1736 fragmentis
1460 1682 1630 1737 exiguis
1653 1683 1681 1737 ¹)
1713 1698 1843 1739 quae-

328 1748 427 1789 dam
461 1749 623 1803 tangit,
659 1762 770 1804 quae
802 1749 1093 1791 inveniuntur
1124 1750 1259 1791 etiam
1281 1750 1398 1805 apud
1418 1750 1662 1793 Diodorum
1689 1752 1770 1805 IX,
1789 1752 1843 1795 26

329 1820 374 1859 et
397 1818 451 1858 32
475 1818 530 1872 (v.
554 1817 639 1858 Ad.
663 1818 822 1871 Bauer7
857 1819 885 1859 l.
903 1818 931 1859 l.
957 1834 996 1874 p.
1018 1820 1099 1860 335
1124 1821 1169 1861 et
1188 1819 1269 1860 Ed.
1288 1819 1532 1873 SchwartZ,
1566 1821 1593 1863 l.
1612 1821 1639 1863 l.
1663 1837 1704 1877 p.
1728 1822 1841 1877 679),

329 1886 503 1928 decerni
547 1902 634 1928 non
678 1890 826 1942 potest
870 1888 916 1929 in
960 1890 1092 1930 tanta
1131 1889 1380 1944 exiguitate
1414 1889 1580 1946 Ephori
1620 1891 1842 1946 fragmen-

326 1957 485 1997 torum.

449 2256 553 2300 VII.
605 2257 683 2301 De
715 2258 915 2303 Nicolai
946 2259 1310 2315 Damasceni2)
1346 2261 1646 2306 narratione
1665 2262 1708 2317 3).

822 2354 856 2394 l.
909 2354 1066 2410 Argu
1082 2358 1334 2397 mentum.

446 2430 485 2485 1)
533 2431 802 2488 Quamquam
829 2434 997 2489 Cyrum
1020 2436 1163 2491 ipsum
1185 2436 1337 2478 'Croesi
1357 2436 1565 2478 fortunae
1586 2435 1836 2487 miserebat,

326 2502 475 2541 tamen
518 2499 680 2543 Persae
721 2502 789 2543 illi
832 2518 987 2558 rogum
1039 2507 1298 2547 struxerunt
1349 2505 1397 2546 in
1446 2505 1565 2548 valle
1609 2505 1837 2561 supposita

447 2632 480 2671 i)
508 2628 551 2662 cf.
581 2630 734 2664 Mueller
760 2631 805 2665 fr,
833 2632 913 2666 hist.
943 2633 1002 2667 Gr.
1033 2634 1058 2673 Ι,
1086 2646 1119 2677 p.
1139 2636 1205 2667 252
1233 2634 1292 2679 (fr.
1324 2637 1389 2670 100
1416 2639 1451 2669 et
1480 2635 1570 2681 101).

445 2690 481 2726 2)
508 2688 552 2721 ef.
591 2690 785 2733 Susemihl,
832 2691 891 2725 Gr.
932 2691 1001 2726 Lit‘
1043 2692 1079 2725 in
1115 2691 1146 2726 (l.
1183 2693 1522 2728 Alexandrinerzeit
1558 2694 1604 2736 II,
1631 2695 1836 2736 309—3213

329 2745 542 2789 NVendland,
570 2747 591 2782 l.
611 2748 632 2781 l.
661 2759 741 2792 pag,
770 2752 848 2783 371.

446 2807 481 2843 3)
509 2805 552 2838 cf.
581 2806 656 2840 Nic.
678 2807 778 2841 Dam.
808 2808 850 2841 fr.
871 2810 915 2843 OS
942 2820 998 2853 ap.
1020 2809 1141 2844 Muell.
1160 2810 1221 2852 111,
1238 2812 1418 2854 4065qc1.;
1446 2815 1617 2854 excerpta
1641 2811 1723 2845 hist.
1750 2810 1832 2853 imp.

327 2865 509 2897 (existant.
540 2865 669 2908 l'orlrh.
700 2866 864 2901 confecta
890 2867 965 2910 11‚1
996 2878 1077 2911 pag.
1097 2871 1176 2911 345,
1204 2879 1280 2912 cap.
1310 2871 1364 2903 27.
