2009 3201
968 173 1254 213 —44-

358 309 439 349 pro
472 294 594 334 certo
626 291 764 331 habeo
795 289 909 329 hunc
941 288 1084 329 locum
1105 287 1283 330 fluxisse
1306 303 1328 330 e
1351 288 1545 331 Xantho.
1598 288 1869 333 Schubertus

359 361 532 418 quidem
565 360 676 401 hanc
710 358 957 414 opinionem
986 356 1209 412 improbat
1230 357 1271 411 ¹).

473 429 526 470 id
549 427 723 484 quidem
744 429 864 468 recte
887 424 1156 467 Schubertus
1179 424 1294 467 dixit
1315 426 1483 467 nullum
1504 426 1632 469 huius
1654 427 1870 471 historiae

359 498 596 553 vestigium
630 497 707 537 sub
739 495 910 537 Xanthi
942 494 1116 535 nomine
1148 493 1367 535 traditum
1408 495 1611 538 inveniri.
1676 496 1751 539 sed
1782 497 1868 539 for-

359 571 476 609 tasse
508 566 597 608 alia
628 565 702 607 via
732 564 912 620 probari
954 564 1104 618 potest
1137 562 1273 604 etiam
1302 563 1414 605 hanc
1448 579 1593 606 rerum
1623 566 1871 622 Lydiamm

358 638 529 692 partem
574 634 855 688 descripsisse
897 631 1128 673 Xanthum
1145 631 1198 685 ⁸2):
1243 632 1489 687 partitione
1535 635 1699 690 operis,
1748 636 1871 678 cuius

358 706 470 747 liber
492 706 689 760 quartus,
714 716 975 758 quamquam
999 703 1173 743 ceterae
1196 716 1342 743 omnes
1358 701 1534 757 Lydiae
1556 718 1624 746 res
1647 706 1872 747 tractatae

360 777 461 815 sunt
503 774 645 815 tribus
688 771 837 824 libris,
886 786 954 812 res
999 770 1151 812 Croesi
1193 773 1344 826 gestas
1389 771 1505 814 solas
1548 773 1807 817 continebat
1826 773 1870 830 ³).

358 845 585 899 praeterea
632 843 811 883 nostrae
855 839 1105 881 sententiae
1157 839 1337 882 videtur
1387 841 1601 897 opitulari
1640 843 1737 885 Nic.
1779 843 1868 886 fra-

358 914 585 968 gmentum
617 912 671 952 65
687 910 739 965 4),
784 925 868 966 (1110
900 909 1075 962 bellum,
1121 909 1238 965 quod
1268 909 1498 965 Alyattes,
1545 911 1698 954 Croesi
1728 915 1869 968 pater,

358 984 513 1023 contra
545 980 678 1022 Cares
710 980 862 1035 gessit,
895 979 1103 1021 refertur.
1166 980 1212 1021 et
1249 979 1328 1020 alii
1358 980 1576 1036 praefecti
1608 983 1653 1022 et
1686 981 1872 1025 Croesus

358 1050 524 1092 milites
557 1049 796 1091 conducere
828 1048 1049 1090 iubentur.
1111 1047 1193 1090 hoc
1224 1048 1477 1105 fragmento
1508 1052 1740 1104 narratur,
1786 1067 1871 1108 quo

358 1119 484 1161 modo
509 1119 693 1161 Croesus
717 1118 971 1160 adulescens
997 1118 1228 1174 pecuniam
1259 1118 1316 1160 ad
1340 1118 1560 1161 delectum
1580 1121 1871 1163 necessariam

359 1189 441 1230 sibi
486 1187 824 1243 comparaverit.
898 1202 1010 1243 quae
1053 1188 1391 1231 narratiuncula
1433 1188 1551 1245 apud
1595 1189 1874 1232 Herodotum

359 1258 532 1299 omnino
564 1272 651 1299 non
682 1257 921 1300 invenitur.
985 1257 1091 1313 quin
1123 1258 1258 1300 etiam
1288 1258 1453 1301 bellum
1475 1258 1685 1314 Alyattis
1717 1262 1874 1302 contra

359 1326 491 1368 Cares
523 1328 698 1381 gestum
728 1341 781 1367 nc
809 1329 1174 1368 commemoratur
1196 1326 1371 1383 quidem
1392 1328 1438 1369 in
1458 1343 1638 1370 numero
1660 1328 1873 1384 Alyattis

358 1396 584 1448 bellorum,
618 1410 730 1451 quae
762 1409 854 1451 cap.
889 1396 1059 1437 16-22
1092 1396 1334 1439 continentu
1397 1397 1517 1439 inter
1546 1399 1703 1453 gentes
1734 1413 1872 1454 regno

359 1465 588 1520 Lydorum
612 1465 831 1506 subiectas
855 1464 989 1507 Cares
1014 1468 1328 1508 enumerantur
1357 1468 1534 1509 tantum
1556 1468 1610 1509 ab
1631 1467 1873 1510 Herodoto.

474 1534 568 1586 Quo
616 1549 667 1576 ex
710 1534 963 1590 fragmento
1007 1538 1197 1591 apparet
1241 1550 1290 1578 00
1338 1551 1490 1592 opere,
1539 1552 1591 1579 ex
1638 1552 1722 1592 quo
1765 1536 1874 1579 haec

358 1604 557 1646 narratio
602 1603 807 1646 derivata
839 1606 928 1657 est,
974 1604 1117 1647 vitam
1158 1607 1203 1646 et
1243 1620 1312 1647 res
1345 1605 1496 1648 Croesi
1536 1608 1687 1661 gestas
1728 1606 1872 1662 copio-
1931 1599 1935 1603 ¹

360 1673 526 1715 sissimo
549 1673 792 1729 descriptas
814 1688 919 1716 esse.
970 1689 1075 1715 num
1097 1689 1217 1730 opus,
1252 1690 1336 1730 quo
1358 1674 1535 1730 Lydiae
1556 1690 1624 1717 res
1646 1677 1874 1717 tractatae

360 1745 462 1784 sunt
493 1745 625 1785 tanta
656 1758 752 1785 cum
784 1742 1034 1799 diligentia,
1067 1744 1193 1785 nobis
1224 1746 1319 1786 tam
1349 1744 1553 1800 ignotum
1583 1760 1676 1787 esse
1706 1746 1870 1801 potest,

358 1815 408 1853 ut
439 1827 526 1854 non
557 1812 683 1854 modo
706 1812 878 1854 nullum
899 1812 1152 1868 vestigium,
1187 1813 1263 1855 sed
1293 1828 1347 1855 ne
1377 1829 1536 1856 nomen
1566 1813 1742 1870 quidem
1772 1828 1875 1855 auc-

358 1881 469 1922 toris
499 1881 770 1924 habeamus?
803 1882 956 1938 itaque
986 1883 1085 1924 fons
1116 1882 1245 1925 huius
1267 1883 1443 1925 Nicolai
1474 1883 1718 1939 fragmenti
1748 1882 1873 1924 nobis

359 1950 581 2005 putandus
625 1954 691 1993 est
733 1951 954 1994 Xanthus.
1016 1952 1133 1994 ratio
1174 1952 1399 2005 narrandi,
1447 1952 1685 2008 descriptio
1725 1967 1873 1994 rerum

358 2020 593 2072 minorum,
644 2021 831 2063 maxime
877 2021 1088 2063 memoria
1132 2021 1356 2063 nominum
1399 2021 1699 2077 propriorum,
1746 2020 1872 2064 velut

359 2092 663 2142 mercatorum,
689 2090 853 2145 optime
870 2091 1119 2133 consentire
1137 2106 1234 2133 cum
1249 2090 1432 2132 Xantho
1454 2089 1561 2131 mihi
1582 2089 1805 2133 Videntur.
1823 2115 1870 2119 —

362 2158 397 2197 si
428 2158 570 2213 igitur
601 2158 832 2200 Xanthum
873 2162 1099 2202 auctorem
1140 2160 1268 2201 huius
1308 2159 1522 2201 historiae
1553 2161 1772 2215 putamus,
1819 2173 1872 2200 ex

360 2226 440 2267 hoc
480 2227 731 2282 fragmento
776 2228 903 2269 ilium
936 2228 1086 2271 Croesi
1125 2229 1359 2271 historiam
1390 2243 1647 2284 componere
1680 2227 1874 2284 coepisse

483 2381 515 2414 1)
543 2381 620 2419 „An
648 2379 812 2413 Xanthus
848 2391 891 2413 zu
924 2379 1064 2414 denken
1092 2380 1209 2414 haben
1237 2380 1301 2413 wir
1327 2391 1383 2413 um
1411 2390 1449 2413 so
1477 2380 1632 2422 weniger
1658 2378 1794 2422 Grund,
1829 2378 1875 2413 da

362 2436 425 2468 wir
452 2447 516 2479 gar
542 2438 640 2470 nivht
667 2439 813 2481 wisscn,
851 2440 894 2471 ol)
935 2439 1099 2473 derselbe
1134 2439 1339 2482 uberhaupt
1366 2450 1434 2473 von
1470 2438 1533 2473 dcr
1560 2437 1873 2472 Scheiterhaufen-

363 2505 468 2528 szene
494 2496 530 2528 in
558 2496 690 2529 seincm
718 2497 1029 2531 Geschivhtswerk
1056 2498 1196 2532 erzahlt
1223 2498 1359 2532 hatte“.

478 2568 514 2603 2)
542 2566 769 2599 Hachtmann
798 2566 856 2611 (de
883 2568 1023 2602 ratione
1041 2569 1137 2602 inter
1158 2569 1295 2602 Xanthi
1314 2567 1471 2611 Lydiaca
1489 2572 1525 2601 et
1543 2567 1720 2602 Herodoti
1737 2566 1874 2611 Lydiae

362 2625 567 2667 historiam,
595 2625 652 2658 I'r.
680 2626 774 2660 Hall.
806 2629 910 2667 1860)
945 2638 1025 2670 pag.
1057 2631 1097 2661 13
1125 2628 1232 2662 etiam
1260 2639 1300 2662 eo
1327 2628 1516 2671 processit,
1551 2631 1591 2660 ut
1617 2637 1660 2661 ex
1688 2626 1874 2661 Strabonis

362 2682 439 2716 loco
467 2684 582 2727 (I,4(j)
619 2684 805 2727 colligeret
843 2685 1046 2727 „Xanthum
1082 2697 1139 2720 res
1169 2697 1310 2730 quoque
1337 2696 1401 2720 sua
1428 2689 1548 2720 aetate
1575 2686 1691 2720 factas
1718 2685 1875 2728 descrip-

362 2742 483 2775 sisse&

480 2802 514 2844 ὅ)
543 2802 763 2843 Gutschmid,
790 2803 837 2837 kl.
866 2804 965 2838 Schr.
993 2805 1052 2846 IV,
1074 2807 1152 2838 312.

478 2863 514 2903 4¹)
544 2876 583 2888 z
614 2861 699 2895 Exc.
728 2863 846 2895 Const.
876 2863 953 2904 ΙΙ,1
984 2874 1063 2906 pag.
1091 2865 1170 2897 344.
