1968 3206
257 277 304 319 ἐν
334 284 390 333 τῷ
421 275 518 328 περὶ
551 280 824 329 Συναγωγῆς
856 278 1060 329 Βιβλίων,
1095 276 1266 330 ἀγνοῶν
1300 276 1364 317 ὅτι
1396 279 1582 330 ’Έφορος
1613 276 1635 317 ὁ
1668 288 1770 329 συγ-

257 348 448 400 γραφεὺς
478 345 740 399 μνημονεύει
773 345 907 385 αὐτοῦ
938 345 994 394 ὡς
1017 345 1302 399 παλαιοτέρου
1324 346 1449 393 ὄντος
1470 344 1540 385 καὶ
1564 346 1770 401 ἹΙροδότῳ

257 417 332 463 τὰς
364 414 565 467 ἀφορμὰς
597 415 834 462 δεὸωκότος
868 447 874 455 .
901 447 940 455 ..
1003 412 1085 455 1100
1116 414 1372 456 testimonio
1413 414 1533 455 nisus
1565 413 1771 456 Weleke-

257 498 333 524 rus
354 483 383 537 1)
428 482 573 524 onmia
603 481 777 524 Xanthi
809 482 1070 537 fragmenta
1096 485 1275 525 servata
1306 498 1384 538 pro
1413 483 1539 525 falsis
1570 481 1772 524 habenda

258 568 351 594 esse
381 553 570 608 probare
603 551 788 593 studuit.
850 552 972 593 illius
994 551 1251 593 Artemonis
1284 553 1533 594 sententiae
1563 553 1773 595 maiorem

257 621 574 663 auctoritatem
596 621 758 662 tribuit
780 622 943 676 putans
967 620 1269 662 dubitationes
1291 622 1389 673 viri,
1418 622 1506 677 qui,
1540 636 1635 663 cum
1658 624 1773 664 esset

257 705 403 732 rerum
435 690 491 731 ad
520 689 834 731 bibliothecam
856 690 1178 745 pertinentium
1200 690 1505 745 peritissimus,
1540 691 1674 732 etiam
1704 690 1773 732 his

258 758 311 801 de
333 760 464 800 rebus
486 758 790 810 tractavisset,
818 758 917 814 plus
940 758 1091 801 valere
1114 773 1244 814 quam
1267 759 1492 801 silentium
1514 762 1772 802 ceterorum.

257 827 359 869 111110
390 827 647 869 Artemonis
695 827 968 870 dubitationi
1023 826 1198 869 addidit
1252 828 1486 871 nonnullas
1534 845 1556 871 e
1600 829 1773 871 Xanthi

257 896 523 952 fragmentis
571 899 789 952 sumptas,
849 911 962 952 quae
1012 896 1245 938 falsarium
1295 898 1564 953 Dionysium
1613 898 1772 954 Seyto-

257 966 539 1008 brachionem
569 966 768 1008 redolere
801 966 841 1008 ei
872 965 1151 1008 videbantur.
1216 966 1291 1008 sed
1332 966 1440 1009 haec
1482 967 1626 1009 omnia
1656 969 1774 1010 refu-

258 1037 359 1077 tata
391 1037 493 1077 sunt
525 1049 551 1077 a
581 1035 733 1077 multis
766 1035 873 1076 viris
906 1034 1048 1076 doctis
1072 1060 1125 1064 -—
1147 1034 1310 1077 Bethio
1343 1036 1578 1092 praecipue
1599 1062 1666 1089 ——,
1700 1037 1775 1093 qui

257 1105 513 1160 fragmenta
555 1104 729 1146 Xanthi
771 1104 947 1145 nomine
989 1104 1162 1146 tradita
1202 1120 1343 1160 neque
1383 1108 1593 1161 corrupta
1634 1121 1775 1162 neque

258 1173 534 1229 interpolata
577 1188 670 1215 esse
717 1173 1149 1216 demonstraverunt.
1223 1176 1404 1229 praeter
1447 1177 1616 1216 eeteros
1660 1175 1774 1217 Gut-

260 1242 496 1284 sohmidius
517 1242 548 1297 ²)
580 1244 689 1284 bene
720 1243 883 1285 meruit
916 1242 969 1284 de
1000 1242 1184 1284 Xantho
1218 1246 1339 1285 recte
1371 1243 1658 1285 aestimando.

375 1311 547 1353 Xanthi
589 1312 891 1367 Lydiaoorum
935 1315 1115 1354 servata
1159 1314 1262 1353 sunt
1303 1313 1559 1368 fragmenta
1598 1313 1776 1356 circiter

258 1380 455 1436 triginta
473 1380 517 1435 3),
551 1395 662 1437 quae
693 1381 867 1423 tradita
899 1383 1003 1423 sunt
1035 1380 1153 1437 apud
1185 1380 1461 1434 Strabonem,
1502 1381 1777 1438 Stephanum

258 1450 547 1505 Byzantium,
571 1450 840 1505 Dionysium
865 1450 1310 1503 Halicarnassensem,
1344 1450 1626 1493 Athenaeum
1648 1451 1775 1493 alios-

260 1524 356 1575 que,
380 1519 568 1561 maxime
591 1519 709 1575 apud
730 1520 965 1561 Nicolaum
986 1519 1307 1562 Damascenum
1324 1520 1368 1575 4),
1394 1520 1468 1576 qui
1490 1520 1777 1562 historiarum

259 1591 424 1644 partes,
458 1603 570 1644 quae
603 1591 706 1630 sunt
739 1588 792 1631 de
822 1590 951 1631 rebus
983 1588 1143 1644 Lydiis
1176 1589 1238 1644 (in
1268 1589 1394 1631 libris
1426 1589 1505 1631 IV.
1537 1589 1616 1631 VI.
1640 1589 1775 1645 VH),

258 1656 410 1699 hausit
455 1673 477 1700 e
520 1658 716 1699 Xantho.
789 1673 877 1699 non
922 1658 1064 1699 minus
1111 1673 1241 1714 quam
1286 1674 1443 1701 novem
1490 1674 1542 1701 ex
1585 1659 1778 1717 triginta

261 1726 435 1769 Xanthi
475 1727 741 1783 fragmentis
783 1728 986 1769 referunt
1025 1743 1094 1769 res
1128 1728 1262 1769 etiam
1294 1742 1320 1769 a
1351 1727 1537 1769 Nicolao
1569 1727 1775 1770 traditas.

259 1796 367 1852 quin
400 1796 536 1839 etiam
568 1796 735 1839 duobus
767 1797 874 1838 loeis
909 1796 1194 1842 et.Xanthus
1228 1799 1273 1838 et
1294 1797 1505 1839 Nicolaus
1528 1797 1779 1839 afferuntur

260 1867 400 1907 testes
419 1865 462 1920 5).
526 1881 578 1907 ex
611 1880 661 1907 ea
692 1881 740 1907 re
771 1868 972 1921 apparet,
1018 1880 1148 1922 quam
1190 1866 1332 1908 multa
1363 1866 1575 1908 Nicolaus
1618 1866 1777 1908 debeat

261 1934 457 1976 Xantho.
521 1950 616 1976 cum
647 1935 790 1990 igitur
821 1938 915 1977 tam
945 1935 1098 1977 multis
1130 1935 1237 1977 locis
1270 1935 1389 1977 inter
1420 1950 1464 1977 se
1496 1936 1777 1978 consentiant

263 2006 308 2045 et
340 2003 513 2045 Xanthi
545 2006 591 2046 et
621 2004 799 2046 Nicolai
829 2004 1095 2060 fragmenta,
1129 2019 1393 2061 quamquam
1423 2019 1583 2060 parvas
1611 2004 1777 2059 Lydia-

263 2088 413 2115 corum
443 2073 654 2129 reliquias
688 2074 802 2115 solas
834 2074 880 2115 in
912 2074 1111 2115 manibus
1144 2076 1355 2125 tenemus,
1400 2074 1610 2115 Nieolaus
1643 2074 1777 2116 etiam

263 2142 373 2184 alias
417 2157 563 2184 rerum
595 2157 620 2185 a
651 2142 792 2198 Lydis
836 2146 1063 2198 gestarum
1103 2147 1254 2199 partes
1288 2158 1310 2185 e
1341 2143 1523 2185 Xantho
1565 2143 1778 2199 petivisse

262 2210 486 2266 putandus
519 2214 587 2253 est
606 2211 651 2267 ⁶).

387 2371 419 2408 1)
449 2369 627 2411 Welcker‚
655 2370 702 2403 kl.
730 2369 913 2404 Schriften
942 2371 967 2413 I,
987 2373 1144 2414 43lsqq.

382 2430 417 2470 2)
447 2427 670 2471 Gutschmid,
697 2428 744 2462 kl.
774 2430 872 2463 Schr.
902 2429 961 2471 IV,
981 2432 1111 2472 3oosq.

383 2488 419 2529 3¹)
446 2486 583 2520 Xanthi
618 2486 822 2530 fragmenta
858 2488 1090 2522 inveniuntur
1125 2499 1181 2531 ap.
1215 2489 1379 2531 Mueller,
1415 2489 1458 2522 fr.
1487 2489 1568 2523 hist.
1597 2489 1722 2524 Graec.
1750 2490 1776 2533 I,

264 2554 345 2588 pag.
373 2547 416 2579 33
432 2556 508 2588 sqq.

383 2604 418 2648 4)
447 2604 490 2638 cf.
517 2604 682 2647 Mueller,
709 2604 753 2639 fr.
782 2605 864 2639 hist.
892 2605 951 2640 Gr.
979 2605 1043 2648 III,
1070 2608 1135 2640 341
1153 2617 1229 2650 sqq.

383 2665 420 2707 5)
447 2663 491 2697 ef.
520 2664 652 2698 Xanth.
681 2663 724 2698 fr.
756 2667 796 2698 15
824 2668 859 2698 et
885 2665 962 2699 Nic.
991 2664 1036 2699 fr.
1065 2668 1128 2709 233
1164 2666 1296 2700 Xanth.
1333 2665 1377 2701 fr.
1413 2668 1455 2700 23
1484 2670 1519 2700 et
1545 2666 1622 2701 Nic.
1650 2666 1694 2701 fr.
1722 2669 1775 2701 26.

384 2724 420 2766 6)
448 2722 609 2757 Eandem
651 2724 864 2757 sententiam
905 2723 1073 2758 dixerunt
1111 2725 1265 2758 Mueller
1303 2725 1362 2769 (fr.
1398 2725 1480 2759 hist.
1509 2725 1567 2760 Gr.
1592 2726 1776 2770 111‚37o);

268 2780 425 2815 Creuzer
451 2781 547 2825 (pag.
579 2784 654 2825 155,
685 2784 760 2826 184,
788 2785 892 2826 2ΟΟ);
919 2783 1089 2817 Welcker
1115 2790 1253 2828 (opusc.
1280 2785 1306 2827 I,
1325 2784 1429 2828 438),
1466 2785 1692 2819 Hachtmann
1719 2785 1778 2830 (de

264 2839 406 2874 ratione
440 2840 534 2874 inter
559 2840 696 2875 Xanthi
722 2840 882 2886 Lydiaca
916 2846 951 2876 et
984 2842 1160 2877 Herodoti
1187 2842 1323 2888 Lydiae
1349 2843 1545 2878 historiam.
1597 2844 1655 2878 Pr.
1681 2844 1775 2878 Hvall.
