2009 3201
1023 171 1311 212 -30-

405 291 545 328 καλῶν
588 287 633 327 ἑν
665 289 833 333 πολλοῖς
866 285 937 325 καὶ
980 285 1219 337 λοφοποιὸν
1252 284 1489 326 ἀποκαλῶν.
1557 283 1731 325 Ctesias
1775 284 1918 339 igitur

404 355 613 411 cognovit
659 353 881 395 Herodoti
928 367 1056 409 opus,
1107 352 1223 408 quod
1266 353 1494 408 corrigere
1542 352 1728 395 studuit.
1801 353 1917 409 quod

402 424 526 466 nobis
571 426 639 465 est
680 423 833 465 summi
873 422 1085 464 momenti
1124 422 1180 463 ad
1220 436 1292 464 eos
1332 422 1463 472 locos,
1510 423 1667 478 quibus
1709 422 1828 464 inter
1871 437 1916 464 se

402 493 638 543 differunt,
683 494 805 534 recte
848 490 1160 534 aestimandos.
1224 491 1358 533 etiam
1398 491 1708 547 Xenophontis
1750 492 1915 534 mentio

402 564 524 604 facta
555 564 624 604 est
655 562 721 603 his
755 561 922 603 verbis:
957 561 1035 614 οὐχ
1060 562 1272 616 Ἱ-Ιροὸότῳ
1295 559 1342 601 δὲ
1364 562 1482 616 μόνῳ
1504 562 1708 602 τάναντία
1741 563 1913 614 ἱστορεῖ,

401 632 509 673 ἀλλὰ
550 632 621 672 καὶ
662 632 766 681 πρὸς
799 631 1057 682 Ξενοφῶντα
1088 631 1163 669 τὸν
1197 630 1401 681 Γρύλλου
1432 628 1491 670 ἐπ’
1528 629 1657 671 ἐνίων
1690 630 1914 683 διαφωνεῖ.

401 700 554 756 quibus
588 714 641 741 ex
672 698 822 741 verbis
864 698 945 739 hoc
976 712 1108 739 unum
1141 697 1357 753 sequitur⁷
1400 701 1450 740 ut
1484 698 1656 741 Ctesias
1689 698 1913 740 nonnullis

397 769 504 811 locis
548 783 573 810 a
616 767 912 823 Xenophonte
959 767 1203 823 discrepet,
1257 767 1433 809 minime
1479 767 1674 809 efficitur
1720 767 1914 810 Ctesiam

396 838 572 881 novisse
612 837 953 893 Xenophontem
995 839 1041 879 et
1082 837 1123 878 ei
1166 851 1339 892 quoque
1379 851 1663 892 repugnasse.
1735 837 1912 880 Ctesias

398 912 466 950 est
487 907 684 962 aequalis
705 906 1028 962 Xenophontis,
1063 905 1139 948 sed
1162 905 1287 948 annis
1310 905 1451 947 maior
1484 920 1577 948 esse
1607 905 1689 948 hoc
1719 906 1911 949 videtur.

510 976 662 1018 Photii
683 976 938 1018 testimonio
963 990 1098 1031 supra
1120 975 1260 1018 allato
1286 975 1467 1017 videtur
1497 975 1683 1031 probari
1713 975 1912 1031 iniquum

394 1045 506 1087 illud
552 1045 781 1096 iudicium,
832 1045 949 1101 quod
1003 1045 1209 1087 tulerunt
1263 1043 1688 1087 Christ—Schmidius
1736 1047 1782 1086 et
1828 1044 1910 1086 Ed.

393 1115 602 1170 Meyerus
624 1115 666 1170 1),
729 1115 845 1170 quod
886 1114 931 1156 in
971 1114 1196 1156 nonnullis
1228 1115 1359 1156 rebus
1393 1128 1544 1156 verum
1577 1128 1675 1156 esse
1706 1114 1908 1167 concedo,

394 1184 471 1226 sed
501 1184 628 1227 nobis
667 1184 951 1239 cogitandum
991 1186 1060 1226 est
1105 1183 1280 1226 Ctesiae
1318 1183 1559 1225 adfluxisse
1600 1183 1911 1226 narrationum

392 1253 572 1309 copiam,
619 1268 713 1294 cum
753 1268 833 1308 per
866 1253 1164 1309 septendecim
1206 1267 1342 1295 annos
1376 1254 1583 1295 versatus
1615 1252 1675 1294 sit
1703 1252 1751 1294 in
1781 1252 1909 1295 domo

390 1323 508 1377 regis
542 1322 794 1365 Persarum.
857 1323 953 1378 ipse
985 1322 1094 1365 dicit
1127 1322 1180 1364 de
1211 1322 1387 1364 ratione
1420 1337 1499 1364 sua
1530 1337 1602 1364 res
1628 1322 1910 1364 describendi

391 1392 498 1434 haec
530 1393 640 1448 (cap.
664 1392 738 1447 I.):
786 1392 894 1447 φησὶ
928 1392 973 1434 ὁὲ
1006 1394 1139 1434 αὑτὸν
1169 1400 1256 1434 τῶν
1287 1395 1516 1445 πλειόνων,
1561 1393 1586 1434 ἃ
1621 1394 1780 1447 ἱστορεῖ
1810 1393 1908 1435 αὐτ-

390 1464 525 1514 όπτην
569 1463 805 1515 γενόμενον
845 1462 870 1515 ἢ
911 1466 1011 1516 παρ’
1044 1462 1187 1504 αὐτῶν
1228 1466 1411 1517 Περσῶν
1449 1461 1577 1517 (ἔνθα
1617 1465 1663 1505 τὸ
1704 1463 1810 1515 ὁρᾶν
1850 1463 1907 1516 μὴ

389 1529 603 1585 ἐνεχώρει)
626 1530 841 1584 αὐτήκοον
862 1533 1144 1585 καταστάντα,
1176 1533 1308 1582 οὕτως
1330 1534 1407 1586 τὴν
1432 1533 1629 1585 ἱστορίαν
1650 1533 1904 1587 συγγράψαι.

505 1599 546 1653 1)
591 1599 789 1642 Primam
819 1600 1094 1643 narrationis
1126 1603 1312 1657 partem,
1353 1616 1466 1657 quae
1498 1605 1567 1644 est
1601 1601 1655 1644 de
1688 1600 1905 1643 Sardibus

389 1668 489 1710 dolo
522 1669 679 1724 captis,
712 1670 834 1711 infra
866 1671 1158 1713 tractabimus
1178 1671 1223 1724 2).

502 1739 545 1790 2)
593 1737 757 1780 Altera
779 1753 898 1795 pars,
933 1753 1046 1795 quae
1077 1739 1246 1796 scripta
1277 1746 1346 1782 est
1370 1741 1422 1782 de
1445 1755 1602 1796 regum
1623 1740 1904 1796 pactionibus

388 1811 433 1849 et
468 1807 519 1849 de
550 1807 632 1849 filii
665 1810 710 1850 et
743 1809 893 1850 uxoris
925 1811 1092 1862 morte,
1136 1810 1246 1852 satis
1277 1809 1571 1865 probabiliter
1602 1810 1658 1852 ad
1690 1809 1904 1865 originem

387 1876 610 1919 Persicam
640 1877 803 1920 referri
835 1880 1000 1933 potest.
1063 1893 1175 1935 quae
1207 1880 1408 1922 narratio
1441 1879 1683 1922 veritatem
1714 1893 1824 1936 prae
1856 1893 1903 1922 se

386 1946 505 1988 ferre
537 1946 643 1988 mihi
665 1947 857 1990 Videtur.
909 1947 1021 1990 illud
1044 1947 1223 1991 Ctesiae
1246 1949 1477 2005 proprium
1509 1948 1740 1992 consilium
1761 1948 1901 1991 Hero-

385 2015 481 2057 doti
524 2016 774 2072 corrigendi
816 2017 897 2059 1100
939 2018 1035 2060 1000
1077 2033 1164 2060 non
1206 2018 1486 2074 agnoscitur,
1535 2034 1630 2061 cum
1674 2018 1745 2060 hic
1790 2017 1902 2060 nihil

383 2085 558 2137 habeat,
604 2086 719 2142 quod
760 2102 857 2129 cum
889 2087 1039 2130 Ctesia
1080 2088 1331 2143 comparari
1362 2088 1517 2143 possit.
1579 2088 1708 2130 huius
1741 2101 1900 2130 narra-

383 2155 519 2196 tionis
552 2155 671 2197 ratio
705 2156 886 2198 Persica
917 2158 1202 2212 cognoscitur
1235 2173 1257 2199 e
1289 2157 1463 2210 iudicio,
1499 2157 1614 2213 quod
1646 2156 1699 2198 de
1731 2157 1898 2199 Croeso

382 2223 475 2278 ipso
517 2224 679 2266 fertur.
743 2225 939 2282 alioquin
983 2226 1029 2268 in
1067 2227 1404 2270 narrationibus
1438 2227 1621 2270 Graecis
1663 2229 1710 2269 et
1738 2226 1898 2282 Lydiis

385 2291 571 2335 Croesus
605 2309 651 2335 se
683 2296 871 2350 praebet
901 2310 1052 2351 regem
1081 2297 1201 2353 pium
1234 2300 1279 2340 et
1311 2297 1405 2340 deis
1437 2299 1630 2352 gratum,
1664 2296 1787 2339 ouius
1809 2296 1898 2339 vir-

382 2361 554 2404 tutibus
602 2364 821 2418 sapientia
866 2364 1139 2408 Graecorum
1184 2366 1280 2409 sola
1322 2365 1636 2422 praeponenda
1680 2367 1771 2418 est7
1820 2364 1898 2407 sed

382 2429 462 2472 hoc
492 2430 587 2473 loco
620 2431 746 2473 illum
778 2435 1081 2488 cognoscimus
1115 2436 1262 2478 virum
1285 2437 1516 2479 versutum
1537 2437 1673 2490 atque
1695 2433 1898 2476 dolosum

381 2498 774 2554 (δολορραφοῦντος
796 2505 1020 2556 Κροίσου).
1075 2504 1191 2560 quod
1210 2504 1411 2547 additum
1434 2519 1532 2547 esse
1554 2494 1896 2546 consentaneum

381 2569 451 2608 est
483 2581 508 2608 a
538 2568 701 2622 Persis⁷
737 2570 810 2625 qui
841 2571 1099 2614 adversario
1125 2575 1428 2616 obtrectantes
1462 2588 1588 2616 suum
1619 2587 1769 2629 regem
1799 2571 1895 2613 lau-

502 2675 535 2716 1)
563 2674 853 2719 Christ—Sohund,
881 2686 962 2719 pag.
990 2678 1058 2710 494
1086 2681 1121 2711 et
1147 2677 1213 2711 Ed.
1241 2678 1365 2723 Meyer
1391 2678 1534 2717 (Gesch.
1555 2678 1893 2722 d.A1t.111,7sq.).

383 2731 527 2765 Rectius
554 2732 716 2767 iudicare
742 2733 883 2768 videtur
909 2735 1066 2777 PraiSek,
1104 2735 1230 2770 Gesch.
1268 2736 1331 2770 der
1364 2737 1490 2772 Meder
1515 2736 1588 2771 und
1613 2737 1744 2772 Perser
1768 2737 1795 2780 I,
1815 2738 1894 2779 176,

380 2790 439 2831 qui
468 2792 659 2825 confitetur
686 2794 794 2826 etiam
821 2804 905 2827 vera
932 2794 1152 2829 continuisse
1177 2795 1289 2830 libros
1317 2796 1469 2831 Ctesiae.

495 2854 532 2890 2)
561 2852 604 2885 cf.
632 2853 777 2888 uberius
804 2855 976 2899 Polyaeni
1003 2860 1210 2901 excerptum
1237 2868 1316 2900 pag.
1345 2860 1451 2901 olsq.
