1915 3190
805 144 1089 188 ..53-

303 260 431 303 Unde
477 259 627 303 hausit
673 258 881 302 Nic-olaus
935 259 1046 302 hano
1099 261 1429 303 narrationi-m?
1500 269 1703 318 potes-tm·

187 329 399 388 petivisse
431 343 525 371 eam
557 346 580 370 o
612 327 830 371 Xantho?
864 328 1094 371 Nivolaum
1128 345 1251 371 usum
1274 346 1366 371 esse
1391 329 1572 372 Xantho
1605 346 1702 373 con-

186 402 279 441 stat
313 399 356 441 in
390 398 514 441 libris
547 396 639 449 IV„
676 397 767 450 Vl„
796 397 895 440 Vll.
930 398 1047 440 solis.
1103 398 1179 439 lm«-
1203 405 1350 440 antem
1376 399 1468 440 loro
1494 399 1704 442 laudatur

186 468 298 511 liber
319 466 494 510 XVlll.
557 482 642 509 non
676 471 756 512 ost,
791 482 868 509 eur
899 472 1099 510 mutetur
1126 468 1224 509 libri
1251 484 1455 510 nunu-rus
1479 471 1518 512 ¹).
1572 486 1702 525 quae-

185 537 301 580 ritur
344 537 504 591 igitur,
550 536 747 593 possitne
792 536 1003 579 Nicolaus
1045 536 1242 579 hausisse
1279 554 1301 578 ι·
1343 537 1526 579 Xantho
1569 540 1702 580 etiam

185 607 229 649 in
262 606 377 649 libro
400 605 576 648 XVIII.
639 605 756 662 quod
789 622 873 648 non
906 607 1134 663 probabile
1168 606 1358 651 videtur.
1393 607 1428 649 si
1461 608 1701 660 cogitatur,

183 691 270 733 qno
303 674 429 718 modo
462 674 673 717 Nicolaus
707 677 1003 731 composuerit
1036 692 1143 732 opus
1177 679 1323 718 suum:
1370 676 1480 718 nihil
1513 677 1596 718 nisi
1631 693 1703 719 ex-

183 745 349 802 cerpsit
380 748 515 800 atque
548 745 799 787 exornavit.
861 759 947 801 qua
979 744 1031 786 de
1065 760 1196 787 causa
1221 746 1459 788 verisimile
1492 762 1584 788 essi·
1618 762 1702 788 non

183 813 364 857 videtur
396 813 475 856 hoc
508 814 602 857 loco
636 829 732 856 eum
767 814 926 856 iterum
971 814 1134 856 redisse
1166 814 1221 856 ad
1255 815 1497 857 Xanthum.
1562 832 1703 858 nonne

183 884 355 941 accepit
386 899 474 926 una
505 899 600 926 cum
633 899 765 926 causa
797 883 926 925 huius
959 884 1230 926 narrationis
1253 885 1544 941 prosi-rendae
1568 886 1702 928 etiam

183 968 273 997 rem
306 954 444 1011 ipsam
457 956 476 995 ἱ)

299 1023 385 1067 Sed
407 1023 581 1066 etiamsi
605 1023 805 1080 ponimus
829 1023 941 1066 hunc
963 1023 1140 1066 Nicolai
1162 1023 1305 1066 locum
1327 1039 1373 1066 re
1396 1039 1502 1066 vera
1526 1024 1702 1066 fluxisse

183 1108 207 1136 e
238 1093 435 1138 Xantho.
469 1097 618 1136 tamen
651 1108 737 1136 uon
770 1097 837 1136 est
870 1093 1222 1136 demonstratum
1244 1093 1521 1136 Herodotum
1544 1093 1702 1136 debere

181 1162 380 1205 fabulam
423 1162 619 1204 mulieris
675 1162 871 1205 Xantho.
946 1178 1046 1205 nam
1096 1162 1370 1205 Herodotum
1419 1163 1560 1219 ipsum
1607 1178 1701 1206 eam

182 1231 466 1275 transtulisse
521 1231 576 1274 ad
622 1232 816 1275 Dareum
865 1236 909 1274 et
958 1232 1154 1274 Paeones
1204 1232 1357 1289 putari
1403 1248 1490 1274 non
1537 1236 1700 1289 potest.

181 1301 380 1344 novisset
423 1301 566 1358 igitur
607 1301 718 1344 hanc
760 1302 959 1344 fabulam
991 1317 1086 1344 cum
1119 1302 1316 1358 Alyatte
1349 1307 1394 1344 et
1427 1303 1568 1358 Mysis
1600 1317 1700 1344 con-

181 1371 390 1414 iunctam.
440 1371 534 1428 ipse
565 1375 715 1414 autem
747 1372 813 1413 bis
845 1374 985 1414 refert
1018 1371 1071 1414 de
1095 1372 1235 1427 Mysis
1269 1376 1313 1415 et
1347 1387 1496 1414 eorum
1529 1372 1701 1428 origine

182 1444 229 1484 et
257 1440 435 1484 diversa
466 1441 641 1484 ratione
659 1440 703 1493 ²).
765 1441 922 1498 quodsi
963 1442 1246 1497 cognovisset
1288 1441 1400 1484 hanc
1433 1442 1615 1484 tertiam
1648 1441 1702 1484 de

179 1525 329 1554 eorum
361 1510 532 1567 origine
563 1511 888 1564 narrationem,
936 1514 1125 1567 apparet
1157 1526 1254 1553 eum
1286 1511 1532 1554 relaturum
1564 1511 1702 1554 fuisse

178 1579 303 1622 illam
346 1595 443 1622 eum
476 1580 618 1636 Mysis
662 1580 970 1634 coniunctam,
1016 1581 1280 1638 praesertim
1323 1596 1421 1623 cum
1462 1584 1702 1638 tantopere

181 1649 222 1692 ei
252 1649 451 1706 placeret
481 1650 649 1692 fabella
676 1650 886 1693 mulieris.
939 1651 1132 1707 cogitari
1152 1666 1240 1692 non
1262 1654 1426 1707 potest,
1461 1665 1548 1707 qua
1569 1665 1702 1693 causa

180 1718 402 1775 probabili
444 1722 686 1762 commotus
717 1718 973 1762 Herodotus
1005 1719 1117 1762 hanc
1148 1719 1201 1762 de
1223 1719 1366 1775 Mysis
1398 1720 1701 1762 narrationem

180 1787 431 1844 neglexerit
463 1790 510 1830 et
540 1787 597 1830 ad
628 1788 825 1831 Paeones
855 1789 1160 1831 transtulerit.

296 1857 396 1900 Mea
426 1856 602 1914 quidem
645 1857 872 1900 sententia
903 1857 1159 1900 Herodotus
1190 1858 1495 1901 narrationem
1527 1858 1699 1915 accepit

179 1927 269 1969 iam
299 1926 450 1978 talem,
481 1926 657 1983 qualem
689 1927 924 1970 memoriae
955 1927 1112 1970 tradit..
1166 1927 1258 1970 sine
1281 1926 1414 1970 dubio
1439 1927 1571 1970 debet
1604 1942 1699 1970 eam

179 1996 272 2040 illis
302 1995 644 2039 fabulatoribus.
707 1996 813 2039 haec
854 1996 1009 2039 fabula
1048 1997 1245 2039 mulieris
1283 1996 1531 2039 industriae
1562 1997 1700 2040 fuisse

179 2065 362 2109 videtur
394 2065 524 2110 valde
558 2066 767 2122 vulgata,
809 2081 922 2123 quae
954 2082 1007 2109 ex
1039 2066 1228 2109 arbitrio
1260 2070 1478 2123 usurpata
1516 2070 1605 2119 est,
1646 2071 1700 2109 ut

180 2135 482 2192 explicaretur
512 2136 753 2179 translat-io
784 2136 999 2192 gentium.

294 2205 339 2260 4)
383 2204 639 2248 Herodotus
671 2205 707 2258 1,
726 2205 781 2248 93
825 2205 871 2247 in
901 2205 1051 2261 Lydia
1094 2220 1163 2248 res
1204 2205 1428 2248 mirabiles
1472 2205 1699 2248 exstitisse

179 2274 366 2331 negavit
396 2278 576 2332 praeter
606 2289 774 2328 aurum,
807 2275 926 2332 quod
957 2290 1010 2318 ex
1030 2274 1186 2318 Tmolo
1214 2275 1394 2318 flumine
1425 2275 1697 2318 ablueretur.

180 2343 338 2401 quibus
369 2343 416 2386 in
445 2343 592 2387 verbis
623 2344 798 2388 invenit
830 2344 1075 2388 Creuzerus
1093 2343 1126 2399 ³)
1163 2344 1385 2387 rationem
1415 2344 1611 2401 aliquam
1642 2344 1700 2387 ad

181 2412 413 2456 Xanthum
442 2416 731 2470 spectantem,
763 2413 841 2471 qui
870 2414 926 2456 fr.
959 2415 984 2456 3
1017 2416 1063 2457 et
1093 2414 1122 2456 4
1151 2413 1271 2457 haud
1301 2428 1443 2471 pauca
1475 2413 1700 2456 mirabilia

303 2541 338 2583 1)
363 2539 468 2574 Hunc
493 2540 577 2575 libri
606 2550 792 2575 numerum
828 2541 978 2576 mutavit
1014 2541 1049 2575 in
1076 2540 1172 2575 VIII.
1200 2540 1354 2575 Mueller
1389 2541 1427 2580 (l.
1446 2540 1497 2582 1.»,
1541 2539 1604 2574 sed
1631 2538 1698 2573 Ed.

181 2597 308 2642 Meyer
332 2597 412 2642 (1.1.
440 2598 466 2641 1,
487 2601 553 2634 168
578 2598 678 2641 adn.)
712 2592 834 2634 serv'at
860 2599 959 2634 illum
985 2610 1006 2634 a
1033 2599 1215 2634 codicibus
1243 2598 1415 2633 traditum
1443 2598 1565 2633 dicens
1591 2598 1698 2633 facile

181 2654 261 2690 fieri
286 2656 460 2701 potuisse,
485 2667 564 2691 cum
580 2657 723 2692 Nicolai
741 2668 832 2702 opus
851 2657 956 2693 valde
981 2657 1111 2693 diffuse
1137 2659 1373 2702 compositum
1401 2658 1459 2700 sit,
1486 2662 1525 2692 ut
1552 2658 1586 2692 in
1605 2657 1699 2692 libro

182 2713 315 2749 XVIII.
342 2714 482 2750 demum
508 2715 553 2751 de
578 2716 698 2752 Dareo
724 2727 809 2761 rege
835 2722 1012 2761 ageretur.

303 2775 341 2815 2)
367 2773 412 2808 cs.
439 2776 495 2809 61.

301 2833 338 2877 3)
365 2832 411 2868 cf.
438 2832 604 2877 Creuzer‚
632 2834 759 2869 Graec.
786 2833 913 2878 fragm.
940 2844 1022 2878 pag.
1053 2836 1128 2868 170.
