1915 3190
817 162 1068 200 „3-

183 276 436 321 memoriam
480 275 610 318 huius
657 274 772 317 modi
818 275 992 317 omnino
1040 276 1281 319 exstitisse.
1357 292 1530 334 quoquo
1576 280 1705 322 niodo

182 347 289 391 haec
320 360 388 389 res
419 360 464 387 se
496 344 644 393 habet,
678 348 834 387 nostra
867 344 909 386 id
944 360 1074 387 unuin
1108 346 1301 389 interest
1324 346 1403 388 hoc
1426 346 1521 390 loco
1555 352 1702 391 osten-

181 416 285 460 dere
318 415 441 458 illam
473 414 624 457 fuisse.

298 485 426 528 Nunc
480 483 763 538 Bacchylidis
816 484 1117 526 narrationem
1167 485 1303 541 ipsam
1359 491 1703 542 perscrutemur.

181 570 268 613 qua
300 555 345 598 in
376 554 635 598 narratione
675 553 787 595 (luae
832 554 1008 597 fabulae
1050 554 1170 597 inter
1212 570 1258 596 se
1291 556 1550 598 coniunctae
1585 561 1702 600 sunt.

181 624 298 683 quod
330 639 383 668 ex
416 638 466 666 co
499 638 751 677 cognoscas,
796 623 912 680 quod
944 625 1134 666 From-ms
1167 639 1193 667 a
1224 640 1332 678 rogo
1375 630 1582 668 servatur
1617 627 1703 668 bis:

185 695 226 750 l)
257 694 435 751 Iupiter
468 694 670 750 precibus
704 693 857 735 Croesi
889 697 1132 735 commotus
1175 709 1328 747 rogum
1371 709 1530 749 magno
1574 695 1704 737 imbri

182 764 452 818 exstinguit·‚
504 765 547 810 2)
595 762 760 819 Apollo
795 763 1005 805 Croesum
1052 778 1148 804 cuin
1198 763 1372 806 filiabus
1420 764 1601 807 deducit
1648 764 1704 807 ad

181 832 514 890 Hyperboreos.

303 902 342 957 l)
389 903 493 945 Sine
525 901 657 944 dubio
689 900 769 943 illa
800 900 1002 953 historia,
1047 916 1134 957 qua
1166 905 1381 944 narratur
1414 903 1626 945 Croesum
1660 919 1706 946 se

181 972 325 1030 ipsum
366 971 617 1016 sacrificare
651 970 845 1013 voluisse
885 973 932 1013 et
963 986 988 1013 a
1021 970 1129 1012 Iove
1163 986 1184 1013 e
1218 986 1328 1026 rogo
1361 976 1561 1028 ereptum
1596 988 1704 1024 esse,

182 1045 253 1086 est
296 1042 438 1099 prima
478 1045 524 1085 et
564 1040 759 1096 genuina
801 1040 980 1083 fabulae
1021 1041 1167 1083 forma
1188 1041 1229 1089 ¹).
1292 1041 1373 1083 hoc
1414 1041 1508 1084 loco
1554 1046 1708 1084 exstat

182 1111 337 1155 fabula
358 1112 543 1163 sincera,
577 1111 712 1153 etiam
735 1110 879 1153 libera
904 1124 929 1152 a
954 1110 1278 1152 retractatione
1300 1110 1537 1167 Delphica:
1573 1127 1705 1167 penes

182 1181 335 1225 Iovem
366 1180 506 1223 solum
534 1183 604 1223 est
627 1194 795 1223 summa
817 1182 1019 1236 potestas
1042 1182 1361 1236 tempestatum
1385 1195 1435 1224 ac
1458 1184 1705 1224 ventorum.

182 1265 270 1308 qua
300 1251 354 1294 de
385 1265 520 1294 causa
550 1253 895 1294 consentaneum
935 1253 1004 1292 est
1046 1249 1172 1291 illum
1211 1249 1351 1292 solum
1385 1250 1584 1293 flammae
1617 1251 1706 1292 vim

182 1336 472 1379 perrumpere
494 1336 624 1378 posse
646 1320 790 1363 imbri.
843 1320 978 1363 etiam
1001 1321 1153 1362 aetate
1176 1318 1282 1361 hacc
1312 1319 1503 1363 historia
1522 1323 1708 1376 superat

183 1393 358 1434 ceteras
391 1405 539 1434 omnes
572 1390 810 1433 memoriae
843 1389 1051 1432 traditas
1103 1389 1418 1444 gravissimum
1457 1392 1607 1432 autem
1639 1391 1709 1432 est

183 1475 279 1505 eam
312 1460 590 1518 comprobari
621 1460 758 1503 etiam
790 1459 878 1502 alio
911 1461 1042 1511 teste,
1076 1458 1157 1502 illa
1190 1459 1308 1501 vasis
1341 1458 1546 1514 imagine.

299 1530 403 1574 Sine
445 1530 578 1573 dubio
618 1529 720 1572 huie
751 1528 963 1572 relationi
996 1529 1150 1571 subest
1180 1528 1351 1584 aliquid
1384 1528 1481 1570 veri
1497 1528 1542 1585 ²).
1603 1542 1708 1571 nam

181 1615 317 1657 rogus
340 1602 712 1643 commemoratur
744 1600 799 1642 ab
829 1598 1031 1641 omnibus
1055 1598 1183 1640 huius
1208 1598 1272 1640 rei
1293 1597 1486 1640 testibus
1509 1598 1708 1654 exceptis

180 1669 287 1723 illis,
319 1670 396 1727 qui
427 1673 554 1713 certa
585 1683 718 1712 causa
749 1668 955 1711 commoti
989 1682 1148 1724 rogum
1180 1667 1340 1710 celant.

297 1739 515 1782 Meiserus
534 1738 567 1794 3)
602 1738 718 1781 haud
741 1740 864 1780 recte
885 1740 1038 1780 censet
1061 1737 1294 1779 historiam
1319 1736 1473 1778 Croesi
1497 1751 1543 1779 se
1564 1737 1709 1793 ipsum

183 1809 483 1853 comburentis
515 1808 745 1852 continere
782 1807 895 1849 nihil
926 1807 1024 1849 veri
1056 1810 1221 1863 putans
1263 1820 1359 1848 eam
1400 1806 1708 1863 depromptam

184 1894 281 1923 esse
323 1894 347 1923 e
389 1878 619 1935 Lydorum
664 1877 907 1932 religione,
954 1890 1042 1933 qua
1085 1875 1324 1919 doceretur
1368 1875 1619 1919 Sandanem
1663 1890 1709 1918 se

184 1950 559 2006 praecipitantem
602 1948 648 1990 in
690 1948 886 1989 flammas
929 1961 952 1989 e
995 1946 1143 1988 cinere
1186 1945 1232 1987 in
1274 1946 1414 1988 vitam
1455 1945 1603 1988 redire
1643 1945 1709 1987 iu-

184 2022 518 2069 venescentem3
562 2031 692 2074 quam
724 2016 781 2059 ad
813 2016 1025 2058 Croesum
1058 2014 1405 2058 translationem
1437 2029 1524 2057 non
1556 2014 1709 2057 verisi-

183 2088 332 2132 milem
363 2103 459 2131 esse
489 2089 613 2144 puto,
647 2099 910 2143 quamquam
942 2099 1057 2127 nunc
1087 2088 1296 2127 constare
1329 2083 1510 2127 videtur
1541 2083 1709 2126 Sanda-

184 2173 285 2202 nem
315 2158 362 2201 in
382 2157 614 2214 Lydorum
646 2155 866 2212 religione
898 2155 1126 2197 inventum
1151 2168 1243 2196 esse
1258 2154 1304 2208 ⁴).
1358 2153 1571 2196 Meiserus
1595 2152 1711 2196 enim

309 2325 343 2365 1)
370 2322 412 2358 cf.
441 2322 574 2363 Christ,
601 2321 663 2356 1.1⁴
693 2332 774 2366 pag.
805 2324 881 2356 153.

308 2383 346 2425 2)
372 2380 420 2416 cf.
455 2381 645 2423 Dum-ker,
681 2381 704 2415 l.
723 2381 745 2415 l.
774 2380 834 2424 IV,
850 2382 929 2414 330.
967 2400 1011 2405 -
1052 2379 1194 2421 Busost,
1232 2379 1374 2413 Griech.
1411 2379 1538 2413 Gesch.
1567 2378 1616 2412 112
1643 2380 1711 2413 503

188 2440 270 2476 adn.
298 2444 339 2476 2:
377 2440 522 2486 „Etwas
549 2439 824 2475 Tatsachliches
859 2439 942 2473 muss
977 2438 1042 2474 der
1078 2438 1488 2473 Scheiterhaufenszeue
1524 2436 1712 2482 zugrunde

188 2501 341 2546 liegen“.

309 2563 347 2604 3)
373 2560 507 2595 Meiser
542 2559 647 2602 (Vom
673 2559 778 2594 Ende
813 2558 875 2594 des
910 2546 1058 2601 Konigs‘
1082 2557 1240 2599 Krosu33
1290 2556 1414 2599 Progr.
1443 2555 1579 2600 Speyer
1608 2557 1712 2598 1907)

189 2618 418 2664 Bacchylidis
432 2620 679 2654 narrationem
693 2618 966 2654 accuratissime
980 2621 1016 2652 et
1029 2616 1305 2660 diligentissime
1326 2615 1509 2649 tractavit.
1527 2615 1636 2648 etiam
1652 2614 1714 2649 ille

190 2678 436 2714 narrationem
464 2677 692 2723 Bacchylidis
719 2676 841 2712 divisit
865 2677 902 2711 in
928 2675 1018 2711 duas
1045 2680 1189 2720 partes:
1228 2673 1647 2718 „Selbstverbrennung“
1677 2677 1714 2708 et

193 2736 717 2782 „Eutrackungsgeschichte“.

310 2797 348 2834 4)
374 2795 420 2830 cf.
447 2795 584 2830 Hoefer
618 2795 655 2829 in
691 2795 868 2830 Roscheri
899 2793 1015 2829 lexico
1051 2804 1078 2828 s.
1106 2804 1137 2827 v.
1165 2791 1305 2827 Sandas
1342 2792 1424 2836 (col.
1452 2793 1519 2826 322
1547 2795 1583 2826 et
1609 2792 1713 2834 326i3

192 2860 321 2890 contra
347 2853 414 2889 Ed.
441 2854 567 2900 Meyer
600 2854 767 2899 (Forsch.
795 2854 903 2897 1,167
939 2858 976 2888 et
1009 2852 1149 2887 Ztschr.
1187 2850 1219 2885 d.
1256 2850 1454 2886 deutschen
1489 2850 1714 2894 morgenlfin-

1379 2910 1434 2951 1*
