2009 3201
898 152 1179 192 -20—

286 271 498 314 sermonis
522 283 749 311 reservare
771 282 858 309 non
880 266 1053 322 potuit:
1086 269 1232 317 Κῦρος
1261 263 1307 305 δὲ
1339 263 1474 305 αὐτὸν
1496 265 1628 311 λύσας
1650 262 1797 303 κάτισέ

286 357 329 382 τε
363 341 489 393 ἐγγὺς
521 339 684 380 ἑωυτοῦ
725 337 793 378 καὶ
834 337 965 388 κάρτα
998 334 1046 376 ἐν
1077 338 1214 389 πολλῇ
1246 335 1465 388 προμηθίῃ
1497 329 1594 387 εἶχε,
1625 333 1792 373 ἀπεθώ-

286 410 389 462 μαζέ
417 424 459 448 τε
492 407 630 459 ὁρέων
670 405 738 447 καὶ
780 406 908 453 αὐτὸς
949 403 1019 444 καὶ
1052 404 1097 444 οἱ
1125 402 1223 455 περὶ
1257 402 1424 443 ἐκεῖνον
1457 402 1597 450 ἐόντες
1627 402 1797 450 πάντες.

287 480 437 532 itaque
471 475 636 517 mediae
667 473 915 516 narrationi
942 471 1182 527 Delphicae
1215 472 1353 513 verba
1383 471 1509 513 modo
1543 485 1796 513 commemo-

287 550 390 588 rata
430 548 475 587 et
513 544 626 586 illud
664 544 716 585 de
749 543 962 585 Sardibus
996 540 1180 596 direptis
1212 540 1478 596 colloquium
1509 540 1740 595 insequens
1775 555 1797 581 0

287 616 413 658 fonte
456 614 601 668 Lydio
644 613 851 654 haustum
902 610 1142 652 intericere
1192 609 1444 651 Herodotus
1490 612 1668 651 coactus
1716 611 1795 650 est.

286 685 399 726 hanc
428 682 732 724 narrationem
771 694 971 721 manasse
1005 694 1027 721 e
1060 679 1269 720 memoria
1298 678 1445 734 Lydia
1481 680 1672 734 apparet
1703 693 1799 719 cum

288 769 341 795 ex
373 768 434 803 eo,
478 751 595 807 quod
634 751 714 792 1100
745 750 840 792 1000
874 751 919 791 et
949 749 1153 804 ingentes
1185 748 1417 802 Lydorum
1449 748 1635 790 divitiae
1674 747 1798 789 illus-

287 824 470 864 trantur
527 822 573 862 et
639 818 792 861 Croesi
847 817 1069 874 sapientia
1124 817 1243 872 Cyro
1291 818 1546 858 obtrectans
1593 816 1798 858 laudibus

288 892 491 941 effertur,
532 891 626 931 tum
659 904 709 930 ex
742 887 808 929 his
842 887 1013 929 verbis:
1059 886 1224 940 Πέρσαι
1259 887 1394 939 φύσιν
1428 885 1570 935 ἐόντες
1600 886 1804 938 ὑβρισταί

288 963 370 1002 εἰσι
401 960 643 1013 ἀχρήματοι.

405 1029 442 1082 c)
487 1027 760 1083 Quamquam
792 1028 845 1068 ab
878 1042 904 1067 (ι
936 1026 991 1068 ad
1024 1027 1056 1077 7»,
1091 1040 1117 1067 a
1147 1025 1274 1066 fonte
1297 1024 1511 1080 Delphico
1542 1024 1598 1065 ad
1631 1023 1801 1066 fontem

290 1098 482 1152 Lydium
515 1097 625 1138 satis
658 1097 846 1151 abrupte
877 1095 1103 1136 transitur
1146 1095 1185 1143 (ὁ
1222 1092 1302 1146 μὲν
1332 1100 1466 1135 ταῦτα
1497 1092 1624 1146 ἔλεγε,
1656 1096 1803 1146 Κῦρος

291 1166 337 1208 δὲ
370 1166 504 1208 αὐτὸν
527 1166 661 1214 λύσας
694 1166 838 1206 uduo&
942 1164 978 1216 1,
1002 1165 1088 1216 88),
1129 1165 1278 1204 tamen
1311 1162 1554 1204 transitum
1580 1177 1604 1203 a
1630 1164 1651 1203 b
1683 1161 1740 1204 ad
1770 1176 1800 1214 e,

290 1237 414 1276 retro
447 1234 588 1289 igitur
621 1233 676 1275 ad
708 1234 877 1275 fontem
896 1232 1170 1288 Delphicum,
1204 1232 1371 1274 factum
1395 1246 1489 1274 esse
1516 1246 1675 1287 magna
1707 1247 1803 1273 cum

290 1306 390 1345 arte
432 1318 557 1345 nemo
600 1303 796 1358 negabit.
859 1302 945 1343 iam
990 1316 1126 1357 supra
1165 1301 1353 1344 vidimus
1396 1300 1476 1342 illa
1519 1302 1653 1343 verba
1692 1300 1804 1355 Cyri

291 1388 382 1429 cap.
408 1373 463 1414 90
505 1374 668 1427 (Κῦρος
701 1373 746 1413 δὲ
780 1374 931 1425 εἴρετο,
973 1372 1037 1413 ὅτι
1069 1373 1106 1413 οἱ
1140 1378 1267 1412 τοῦτο
1301 1370 1662 1425 ἐπηγορέων...)
1705 1384 1804 1412 con-

292 1443 469 1484 tinuare
500 1441 607 1483 haec
630 1441 782 1483 Croesi
814 1441 868 1494 (I,
887 1441 981 1495 SD:
1016 1442 1150 1489 αἴτιος
1173 1441 1219 1481 6&-
1242 1441 1409 1481 τούτων
1431 1439 1596 1493 ἐγένετο
1618 1441 1639 1481 ὁ
1663 1442 1804 1492 Ἑλλή-

292 1528 381 1553 νων
411 1513 517 1558 θεός
551 1544 557 1551 .
584 1544 591 1552 .
618 1511 656 1561 .).
706 1526 789 1565 quo
823 1510 950 1552 modo
984 1511 1065 1552 hoc
1095 1510 1189 1551 loco
1223 1509 1480 1551 coniunctus
1514 1512 1584 1551 est
1614 1511 1804 1564 uterque

291 1580 390 1621 fons
405 1579 423 1619 ἱ)
466 1578 613 1633 Cyrus
636 1579 980 1634 prudentissimo
1003 1579 1185 1621 00031110
1210 1578 1361 1620 Croesi
1383 1578 1566 1633 gavisus
1589 1578 1803 1633 postulat,

291 1652 343 1690 ut
376 1649 464 1699 ille,
507 1648 624 1704 quod
656 1648 777 1700 velit,
820 1663 846 1690 a
877 1663 923 1691 se
954 1651 1094 1704 petat.
1157 1651 1252 1690 tum
1284 1648 1474 1690 Croesus
1506 1649 1559 1690 ab
1593 1662 1642 1690 eo
1674 1648 1804 1704 petit,

291 1721 342 1759 ut
373 1717 622 1773 permittat,
655 1719 708 1759 ut
729 1717 907 1759 vincula
928 1717 1125 1773 Delphos
1147 1717 1389 1759 mittantur
1408 1717 1438 1771 1)
1471 1720 1516 1759 et
1539 1717 1644 1758 deus
1668 1717 1807 1758 inter—

292 1792 489 1841 rogetur,
524 1802 599 1827 cur
631 1801 677 1828 se
709 1786 946 1842 deceperit.
1009 1786 1191 1828 consilio
1223 1787 1365 1842 igitur
1398 1786 1553 1828 Croesi
1583 1786 1806 1842 prudenti,

293 1856 410 1912 quod
441 1856 700 1898 continebat
731 1856 829 1898 fons
853 1856 1038 1911 Lydius,
1072 1857 1290 1912 probatur
1313 1855 1478 1898 Croeso
1510 1870 1535 1897 a
1558 1855 1678 1911 Cyro
1711 1855 1809 1897 dari

293 1925 467 1967 veniam
509 1925 736 1980 compedes
771 1925 965 1980 Delphos
1009 1925 1230 1967 mittendi.
1295 1925 1369 1980 qui
1408 1925 1630 1967 transitus
1663 1925 1807 1967 artifi-

294 1995 435 2036 ciosus
479 1994 762 2036 ascribendus
795 1996 864 2037 est
896 1995 1127 2037 Herodoto
1160 1995 1267 2051 ipsi,
1309 1995 1425 2051 quod
1466 1994 1568 2037 hinc
1608 1993 1808 2036 concludi

293 2066 464 2119 potest:
523 2064 646 2105 fonte
690 2063 905 2119 Delphico
955 2067 1073 2106 teste
1119 2068 1275 2106 narrat
1320 2064 1575 2105 Herodotus
1623 2063 1806 2118 Cyrum,

293 2137 526 2188 postquam
550 2133 678 2174 deum
698 2133 956 2187 Delphicum
976 2138 1068 2175 tam
1084 2133 1291 2188 graviter
1309 2133 1587 2175 accusaverit
1603 2132 1807 2184 Croesus,

294 2217 347 2243 ex
380 2217 428 2243 eo
462 2202 743 2257 quaesivisse,
778 2217 889 2258 quae
921 2203 979 2244 sit
1004 2217 1134 2245 causa
1158 2202 1365 2244 criminis.
1417 2202 1574 2244 deinde
1599 2201 1808 2244 Croesum

297 2270 441 2312 omnia
474 2284 552 2311 sua
582 2271 840 2313 narravisse
881 2276 925 2313 et
958 2271 1029 2313 dei
1060 2271 1274 2313 vaticinia
1306 2274 1352 2313 et
1383 2271 1566 2313 donaria
1597 2285 1676 2313 sua
1707 2286 1808 2327 pre-

295 2339 423 2380 tiosa.
472 2341 606 2394 atque
629 2354 723 2381 eum
743 2340 911 2394 Cyrum
935 2340 1138 2383 oravisse
1160 2344 1206 2382 et
1229 2341 1542 2392 obsecravisse‚
1566 2342 1619 2382 ut
1640 2340 1808 2382 sineret

297 2408 523 2463 compedes
545 2408 741 2463 Delphos
773 2409 895 2451 mitti
927 2412 973 2451 et
1006 2410 1132 2452 deum
1165 2410 1446 2465 interrogari.
1509 2423 1595 2464 qua
1627 2425 1681 2451 ex
1702 2409 1807 2451 Del-

296 2476 423 2530 phica
466 2476 686 2518 relatione
733 2478 894 2520 exemit
939 2479 1194 2521 Herodotus
1246 2479 1513 2521 mentionem
1554 2478 1809 2534 compedum

297 2549 342 2587 et
374 2546 451 2587 has
484 2546 711 2602 compedes
744 2546 872 2598 fecit,
918 2550 969 2589 ut
1004 2548 1212 2600 vidimus,
1259 2563 1434 2591 causam
1473 2548 1615 2591 totius
1655 2562 1807 2590 narra-

295 2616 429 2656 tionis
462 2615 746 2670 insequentis‚
780 2630 891 2671 quae
924 2617 1123 2659 continet
1155 2618 1289 2660 etiam
1312 2618 1504 2674 Pythiae
1536 2632 1807 2673 responsum.

297 2684 371 2725 sed
402 2699 488 2725 non
520 2684 646 2726 modo
683 2684 833 2727 Croesi
865 2700 1028 2740 preces,
1064 2687 1138 2728 sed
1171 2687 1306 2729 etiam
1337 2687 1445 2729 fides
1477 2701 1504 2729 a
1533 2686 1653 2742 Cyro
1686 2686 1807 2737 data,

416 2827 448 2860 1)
476 2824 518 2856 (ef.
548 2824 628 2858 adn.
660 2828 670 2858 1
703 2835 782 2868 pag.
807 2829 857 2860 11.
