2009 3201
965 190 1250 231 —13—

354 307 482 349 initio
516 321 609 361 cap.
643 308 698 348 86
729 320 792 358 ea,
825 319 937 360 quae
970 303 1079 346 dicit
1111 303 1164 345 de
1196 303 1352 346 Croesi
1383 318 1534 359 regno,
1577 304 1629 347 de
1663 303 1866 347 Sardium

356 376 593 428 obsidione,
628 375 681 417 de
712 389 821 430 rogo
853 375 1095 415 exstructo.

467 444 699 485 Herodoto
740 443 882 499 igitur
923 443 1166 485 adfuerunt
1196 442 1481 485 narrationes
1522 444 1637 484 tres:
1684 442 1725 497 a)
1766 442 1866 485 fons

353 513 534 568 Lydius,
578 513 620 568 b)
651 513 751 554 fons
787 512 1039 567 Delphicus,
1084 512 1121 566 c)
1153 511 1253 553 fons
1285 511 1481 553 Atticus.

466 583 643 633 Restat,
676 585 727 623 ut
760 582 908 637 paucis
940 581 1090 623 verbis
1123 583 1434 640 argumentum
1465 580 1738 635 singulorum
1769 582 1864 624 fon-

350 652 459 693 tium
493 666 747 693 revocemus
779 651 823 691 in
855 650 1121 692 memoriam.

465 720 507 773 a)
553 720 695 761 Fons
728 719 966 773 Lydius:
1011 719 1197 761 Croesus
1230 734 1309 774 per
1340 719 1695 774 quattuordecim
1727 734 1863 762 annos

349 791 619 842 regnaverat
663 791 708 830 et
751 803 831 844 per
875 788 1235 844 quattuordecim
1281 787 1373 829 dies
1423 791 1704 844 oppugnatus
1750 792 1862 841 erat,

351 873 447 900 cum
471 857 683 900 Sardibus
706 858 974 913 expugnatis
998 860 1154 913 captus
1176 857 1305 900 vivus
1331 857 1488 899 ductus
1515 859 1583 900 est
1605 857 1661 899 ad
1679 857 1862 913 Cyrum.

349 927 423 982 qui
454 927 499 968 in
531 942 686 983 rogum
717 927 841 968 illum
874 942 971 969 cum
1009 927 1074 969 bis
1108 929 1277 983 septem
1308 926 1450 982 Lydis
1482 926 1706 982 imposuit.
1753 942 1863 982 rogo

346 996 523 1038 incenso
558 996 746 1039 Croesus
777 997 933 1038 mortis
976 997 1135 1039 timore
1166 997 1380 1052 impulsus
1413 998 1468 1039 ab
1500 997 1709 1052 Apolline
1742 998 1864 1039 auxi-

346 1065 454 1106 lium
496 1066 680 1121 petivit,
727 1067 801 1122 qui
843 1066 975 1108 imbri
1019 1082 1174 1121 rogum
1219 1066 1447 1109 exstinxit.
1522 1080 1606 1122 quo
1648 1066 1864 1109 miraculo

350 1149 588 1190 oppressus
623 1135 771 1190 Cyrus
804 1135 872 1176 1111
903 1136 1106 1192 pepercit
1139 1138 1184 1178 et
1217 1151 1314 1177 eum
1344 1135 1586 1178 honoribus
1619 1136 1783 1178 affecit.

462 1205 503 1259 b)
549 1205 692 1247 Fons
725 1204 1060 1261 Delphicus:
1095 1220 1190 1247 cum
1213 1205 1404 1248 Croesus
1428 1219 1454 1247 a
1476 1205 1596 1261 Cyro
1628 1206 1673 1248 in
1704 1220 1862 1261 rogum

343 1273 575 1328 impositus
609 1277 655 1316 et
686 1274 964 1330 compedibus
988 1275 1164 1317 vinctus
1197 1289 1306 1330 rogo
1339 1274 1427 1317 iam
1458 1275 1656 1317 omnibus
1687 1275 1734 1316 in
1764 1289 1862 1331 par-

344 1343 465 1385 tibus
497 1343 673 1386 incenso
707 1344 892 1399 supplex
924 1344 1136 1386 auxilium
1167 1344 1391 1399 Apollinis
1425 1344 1639 1400 poposcit,
1682 1348 1777 1387 tum
1808 1359 1862 1386 ex

345 1430 498 1457 sereno
532 1415 652 1457 caelo
685 1414 792 1456 (leus
824 1414 1049 1469 ingentem
1081 1414 1262 1456 imbrem
1295 1413 1438 1466 misit,
1484 1414 1559 1469 qui
1600 1414 1748 1470 ignem
1790 1429 1861 1456 ex-

346 1484 507 1527 stinxit
529 1487 575 1526 et
598 1483 807 1526 Croesum
830 1483 1042 1526 servavit.
1094 1498 1147 1525 ex
1170 1498 1219 1525 eo
1244 1482 1391 1538 Cyrus
1414 1483 1626 1539 cognovit
1649 1483 1860 1525 Croesum

344 1569 441 1596 esse
463 1555 608 1597 Virum
631 1558 831 1596 sanctum
861 1554 1079 1609 piumque,
1113 1568 1241 1608 quem
1275 1552 1381 1595 deus
1416 1567 1438 1594 e
1472 1553 1666 1608 periculo
1700 1552 1861 1595 libera-

344 1626 487 1667 verat.
550 1638 680 1680 quam
712 1626 764 1666 ob
797 1638 891 1665 rem
923 1638 1019 1665 eum
1051 1623 1239 1678 benigne
1272 1622 1389 1677 apud
1421 1637 1466 1664 se
1498 1623 1679 1678 recepit.

459 1693 497 1747 c)
544 1693 685 1734 Fons
717 1693 977 1734 Atticus:
1012 1691 1146 1735 Solon
1179 1691 1416 1747 aliquando
1450 1691 1758 1746 interrogatus
1792 1693 1863 1734 est

344 1777 369 1805 a
402 1762 591 1816 Croeso,
636 1762 732 1817 quis
776 1761 1000 1817 putandus
1043 1763 1163 1803 esset
1204 1760 1488 1803 beatissimus
1519 1760 1660 1802 homo.
1725 1760 1862 1803 Solon

343 1832 559 1874 neminem
602 1833 707 1874 ante
749 1833 940 1873 mortem
983 1830 1157 1873 felicem
1200 1830 1285 1872 (1101
1328 1844 1460 1886 posse
1500 1829 1569 1871 illi
1613 1830 1861 1885 respondit.

345 1903 393 1942 at
437 1901 624 1943 Croesus
667 1901 935 1956 contempsit
976 1900 1098 1942 illius
1143 1899 1422 1941 sententiam.
1485 1913 1581 1940 cum
1622 1901 1772 1941 autem
1814 1898 1860 1939 in

346 1986 455 2026 rogo
488 1971 666 2012 incenso
700 1971 862 2023 stabat,
904 1969 1166 2012 meminerat
1197 1968 1378 2011 illorum
1410 1967 1586 2010 Solonis
1620 1969 1860 2010 verborum

345 2042 390 2081 et
430 2041 502 2081 ter
542 2054 699 2081 nomen
731 2038 905 2081 Solonis
948 2037 1227 2080 exclamavit.
1291 2037 1412 2093 Cyro
1455 2036 1708 2093 quaerenti,
1753 2036 1860 2092 quid

342 2108 424 2150 1100
471 2109 553 2151 sibi
598 2108 760 2161 vellet,
815 2108 1005 2151 Croesus
1054 2110 1199 2149 totum
1246 2121 1341 2148 cum
1387 2105 1548 2148 Solone
1594 2105 1861 2161 colloquium

344 2178 539 2220 rettulit.
602 2166 965 2233 quibus'auditis
999 2177 1165 2231 Cyrum
1197 2175 1478 2218 debilitatem
1521 2175 1652 2217 suam‘
1675 2189 1858 2230 cognos-

345 2253 515 2288 centem
537 2247 771 2302 paenituit,
800 2247 915 2302 quod
947 2246 1080 2289 alium
1102 2245 1319 2288 hominem
1343 2245 1492 2288 vivum
1512 2244 1606 2299 igni
1639 2244 1857 2287 traderet.

345 2318 485 2371 atque
523 2316 811 2359 mutationem
858 2331 1008 2358 rerum
1050 2316 1339 2357 humanarum
1376 2314 1545 2357 veritus
1589 2329 1747 2369 rogum
1787 2329 1858 2356 ex-

345 2385 515 2440 stingui
545 2386 689 2427 iussit.

461 2454 628 2507 Quibus
649 2470 702 2496 ex
725 2454 866 2496 tribus
895 2455 1092 2496 fontibus
1112 2454 1368 2496 Herodotus
1392 2452 1713 2495 contaminavit
1735 2466 1858 2494 suam

343 2524 659 2566 narrationem.
713 2538 843 2579 quam
880 2525 934 2565 ob
966 2539 1057 2566 rem
1088 2539 1175 2565 non
1207 2525 1332 2566 caret
1364 2522 1487 2565 vitiis
1520 2521 1781 2578 quibusdam
1812 2523 1858 2563 et

344 2593 705 2635 obscuritatibus.
768 2608 900 2634 unum
930 2592 1060 2634 huius
1091 2592 1210 2634 modi
1239 2593 1382 2634 locum
1415 2592 1553 2634 affert
1584 2590 1856 2633 Schubertus

344 2664 399 2717 (p.
437 2663 534 2717 112)
578 2664 736 2704 docens
779 2662 983 2717 cognosci
1019 2676 1107 2703 non
1138 2676 1286 2717 posse,
1332 2677 1415 2716 quo
1448 2660 1661 2716 temporis
1693 2662 1856 2715 puncto

343 2746 477 2786 rogus
500 2732 701 2774 incensus
726 2731 798 2774 sit.
822 2757 875 2760 —
896 2745 985 2772 non
1001 2730 1144 2772 minus
1168 2729 1403 2772 offensioni
1425 2733 1507 2782 est,
1531 2729 1647 2785 quod
1665 2728 1855 2770 Croesus

344 2800 526 2842 flammis
570 2801 667 2856 rogi
710 2800 928 2843 liberatur
971 2800 1059 2841 bis:
1117 2800 1156 2853 1)
1210 2799 1358 2854 Cyrus
1403 2798 1556 2841 Croesi
1595 2797 1856 2839 narratione

345 2869 507 2922 victus,
554 2884 648 2910 cum
693 2869 971 2912 debilitatem
1005 2883 1126 2912 suam
1158 2883 1426 2924 cognoscens
1458 2881 1644 2924 poenam
1675 2866 1855 2908 deorum
