<?xml version="1.0" encoding="UTF-8"?>
<!DOCTYPE html PUBLIC "-//W3C//DTD XHTML 1.0 Transitional//EN"
    "http://www.w3.org/TR/xhtml1/DTD/xhtml1-transitional.dtd">
<html xmlns="http://www.w3.org/1999/xhtml" xml:lang="en" lang="en">
 <head>
  <title>
</title>
<meta http-equiv="Content-Type" content="text/html;charset=utf-8" />
  <meta name='ocr-system' content='tesseract 3.04.00' />
  <meta name='ocr-capabilities' content='ocr_page ocr_carea ocr_par ocr_line ocrx_word'/>
</head>
<body>
  <div class='ocr_page' id='page_1' title='image "./defabellisadcroe00soeduoft_0060.png"; bbox 0 0 1957 3201; ppageno 0'>
   <div class='ocr_carea' id='block_1_1' title="bbox 936 160 1220 201">
    <p class='ocr_par' dir='ltr' id='par_1_1' title="bbox 936 160 1220 201">
     <span class='ocr_line' id='line_1_1' title="bbox 936 160 1220 201; baseline 0.004 -12"><span class='ocrx_word' id='word_1_1' title='bbox 936 160 1220 201; x_wconf 71' lang='lat'>-52-</span> 
     </span>
    </p>
   </div>
   <div class='ocr_carea' id='block_1_2' title="bbox 310 269 1832 2748">
    <p class='ocr_par' dir='ltr' id='par_1_2' title="bbox 313 269 1832 1363">
     <span class='ocr_line' id='line_1_2' title="bbox 316 269 1831 329; baseline 0.003 -18"><span class='ocrx_word' id='word_1_2' title='bbox 316 271 367 312; x_wconf 89' lang='lat' dir='ltr'>ut</span> <span class='ocrx_word' id='word_1_3' title='bbox 398 269 650 326; x_wconf 73' lang='lat' dir='ltr'>Polyaenus</span> <span class='ocrx_word' id='word_1_4' title='bbox 682 271 776 327; x_wconf 89' lang='lat' dir='ltr'>ipse</span> <span class='ocrx_word' id='word_1_5' title='bbox 806 273 959 314; x_wconf 89' lang='lat' dir='ltr'>urbem</span> <span class='ocrx_word' id='word_1_6' title='bbox 990 274 1035 314; x_wconf 91' lang='lat' dir='ltr'>et</span> <span class='ocrx_word' id='word_1_7' title='bbox 1058 286 1202 315; x_wconf 87' lang='lat' dir='ltr'>arcem</span> <span class='ocrx_word' id='word_1_8' title='bbox 1224 273 1506 325; x_wconf 71' lang='lat' dir='ltr'>discerneret,</span> <span class='ocrx_word' id='word_1_9' title='bbox 1540 272 1657 329; x_wconf 85' lang='lat' dir='ltr'>quod</span> <span class='ocrx_word' id='word_1_10' title='bbox 1678 286 1831 316; x_wconf 81' lang='lat' dir='ltr'>narra-</span> 
     </span>
     <span class='ocr_line' id='line_1_3' title="bbox 316 340 1831 397; baseline -0.001 -14"><span class='ocrx_word' id='word_1_11' title='bbox 316 341 459 383; x_wconf 86' lang='lat' dir='ltr'>tiones</span> <span class='ocrx_word' id='word_1_12' title='bbox 501 340 760 383; x_wconf 88' lang='lat' dir='ltr'>coniunctae</span> <span class='ocrx_word' id='word_1_13' title='bbox 801 343 904 382; x_wconf 90' lang='lat' dir='ltr'>sunt</span> <span class='ocrx_word' id='word_1_14' title='bbox 944 355 1100 397; x_wconf 89' lang='lat' dir='ltr'>parum</span> <span class='ocrx_word' id='word_1_15' title='bbox 1141 342 1389 385; x_wconf 67' lang='lat' dir='ltr'>subtiliter:</span> <span class='ocrx_word' id='word_1_16' title='bbox 1435 346 1585 395; x_wconf 78' lang='grc' dir='ltr'><em>Κῦρος</em></span> <span class='ocrx_word' id='word_1_17' title='bbox 1627 341 1831 395; x_wconf 75' lang='grc' dir='ltr'><strong><em>ἐκράτησε</em></strong></span> 
     </span>
     <span class='ocr_line' id='line_1_4' title="bbox 317 410 1831 463; baseline 0.001 -12"><span class='ocrx_word' id='word_1_18' title='bbox 317 412 550 463; x_wconf 72' lang='grc' dir='ltr'>Σάρδεων·</span> <span class='ocrx_word' id='word_1_19' title='bbox 583 413 772 463; x_wconf 75' lang='grc' dir='ltr'><em>Κροῖσος</em></span> <span class='ocrx_word' id='word_1_20' title='bbox 922 436 978 440; x_wconf 88' lang='lat'>—-</span> <span class='ocrx_word' id='word_1_21' title='bbox 1018 410 1072 452; x_wconf 86' lang='lat' dir='ltr'>ad</span> <span class='ocrx_word' id='word_1_22' title='bbox 1116 411 1286 453; x_wconf 80' lang='lat' dir='ltr'>fontem</span> <span class='ocrx_word' id='word_1_23' title='bbox 1330 414 1498 453; x_wconf 89' lang='lat' dir='ltr'>certum</span> <span class='ocrx_word' id='word_1_24' title='bbox 1541 410 1708 453; x_wconf 81' lang='lat' dir='ltr'>referre</span> <span class='ocrx_word' id='word_1_25' title='bbox 1750 410 1831 452; x_wconf 83' lang='lat' dir='ltr'>has</span> 
     </span>
     <span class='ocr_line' id='line_1_5' title="bbox 315 478 1832 536; baseline -0.001 -15"><span class='ocrx_word' id='word_1_26' title='bbox 315 479 594 521; x_wconf 78' lang='lat' dir='ltr'>narrationes</span> <span class='ocrx_word' id='word_1_27' title='bbox 641 479 750 520; x_wconf 87' lang='lat' dir='ltr'>satis</span> <span class='ocrx_word' id='word_1_28' title='bbox 795 478 973 520; x_wconf 86' lang='lat' dir='ltr'>difficile</span> <span class='ocrx_word' id='word_1_29' title='bbox 1017 482 1095 531; x_wconf 88' lang='lat' dir='ltr'>est.</span> <span class='ocrx_word' id='word_1_30' title='bbox 1168 479 1245 522; x_wconf 88' lang='lat' dir='ltr'>sed</span> <span class='ocrx_word' id='word_1_31' title='bbox 1295 481 1488 522; x_wconf 82' lang='lat' dir='ltr'>fortasse</span> <span class='ocrx_word' id='word_1_32' title='bbox 1531 479 1702 536; x_wconf 87' lang='lat' dir='ltr'>aliquid</span> <span class='ocrx_word' id='word_1_33' title='bbox 1745 479 1832 521; x_wconf 90' lang='lat' dir='ltr'>dici</span> 
     </span>
     <span class='ocr_line' id='line_1_6' title="bbox 315 547 1832 605; baseline 0 -15"><span class='ocrx_word' id='word_1_34' title='bbox 315 551 465 604; x_wconf 87' lang='lat' dir='ltr'>potest</span> <span class='ocrx_word' id='word_1_35' title='bbox 497 547 550 590; x_wconf 92' lang='lat' dir='ltr'>de</span> <span class='ocrx_word' id='word_1_36' title='bbox 568 547 697 589; x_wconf 88' lang='lat' dir='ltr'>huius</span> <span class='ocrx_word' id='word_1_37' title='bbox 720 548 858 590; x_wconf 77' lang='lat' dir='ltr'>fontis</span> <span class='ocrx_word' id='word_1_38' title='bbox 882 548 1068 590; x_wconf 89' lang='lat' dir='ltr'>ratione.</span> <span class='ocrx_word' id='word_1_39' title='bbox 1121 563 1209 590; x_wconf 91' lang='lat' dir='ltr'>non</span> <span class='ocrx_word' id='word_1_40' title='bbox 1231 548 1411 591; x_wconf 88' lang='lat' dir='ltr'>dubium</span> <span class='ocrx_word' id='word_1_41' title='bbox 1433 551 1513 601; x_wconf 75' lang='lat' dir='ltr'>est,</span> <span class='ocrx_word' id='word_1_42' title='bbox 1548 549 1654 605; x_wconf 86' lang='lat' dir='ltr'>quin</span> <span class='ocrx_word' id='word_1_43' title='bbox 1676 551 1832 591; x_wconf 89' lang='lat' dir='ltr'>auctor</span> 
     </span>
     <span class='ocr_line' id='line_1_7' title="bbox 315 617 1828 673; baseline 0.001 -15"><span class='ocrx_word' id='word_1_44' title='bbox 315 617 444 659; x_wconf 81' lang='lat' dir='ltr'>liuius</span> <span class='ocrx_word' id='word_1_45' title='bbox 466 617 605 659; x_wconf 83' lang='lat' dir='ltr'>sontis</span> <span class='ocrx_word' id='word_1_46' title='bbox 629 617 750 671; x_wconf 69' lang='lat' dir='ltr'>Cyro</span> <span class='ocrx_word' id='word_1_47' title='bbox 773 617 962 658; x_wconf 81' lang='lat' dir='ltr'>infestus</span> <span class='ocrx_word' id='word_1_48' title='bbox 985 617 1145 658; x_wconf 82' lang='lat' dir='ltr'>fuerit:</span> <span class='ocrx_word' id='word_1_49' title='bbox 1179 618 1225 658; x_wconf 92' lang='lat' dir='ltr'>in</span> <span class='ocrx_word' id='word_1_50' title='bbox 1256 618 1321 671; x_wconf 64' lang='lat'>§2</span> <span class='ocrx_word' id='word_1_51' title='bbox 1345 618 1465 673; x_wconf 87' lang='lat' dir='ltr'>Cyro</span> <span class='ocrx_word' id='word_1_52' title='bbox 1489 618 1661 659; x_wconf 79' lang='lat' dir='ltr'>crimini</span> <span class='ocrx_word' id='word_1_53' title='bbox 1683 617 1828 671; x_wconf 87' lang='lat' dir='ltr'>datur,</span> 
     </span>
     <span class='ocr_line' id='line_1_8' title="bbox 316 685 1830 742; baseline 0 -14"><span class='ocrx_word' id='word_1_54' title='bbox 316 687 433 742; x_wconf 85' lang='lat' dir='ltr'>quod</span> <span class='ocrx_word' id='word_1_55' title='bbox 464 686 648 727; x_wconf 84' lang='lat' dir='ltr'>indutiis</span> <span class='ocrx_word' id='word_1_56' title='bbox 681 701 777 727; x_wconf 89' lang='lat' dir='ltr'>cum</span> <span class='ocrx_word' id='word_1_57' title='bbox 810 685 968 727; x_wconf 78' lang='lat' dir='ltr'>Croeso</span> <span class='ocrx_word' id='word_1_58' title='bbox 1001 686 1134 727; x_wconf 83' lang='lat' dir='ltr'>factis</span> <span class='ocrx_word' id='word_1_59' title='bbox 1166 701 1269 728; x_wconf 88' lang='lat' dir='ltr'>usus</span> <span class='ocrx_word' id='word_1_60' title='bbox 1302 689 1381 739; x_wconf 78' lang='lat' dir='ltr'>est,</span> <span class='ocrx_word' id='word_1_61' title='bbox 1420 689 1472 729; x_wconf 90' lang='lat' dir='ltr'>ut</span> <span class='ocrx_word' id='word_1_62' title='bbox 1503 690 1719 729; x_wconf 87' lang='lat' dir='ltr'>nocturno</span> <span class='ocrx_word' id='word_1_63' title='bbox 1751 686 1830 728; x_wconf 90' lang='lat' dir='ltr'>im-</span> 
     </span>
     <span class='ocr_line' id='line_1_9' title="bbox 314 754 1829 811; baseline -0.001 -14"><span class='ocrx_word' id='word_1_64' title='bbox 314 758 421 811; x_wconf 90' lang='lat' dir='ltr'>petu</span> <span class='ocrx_word' id='word_1_65' title='bbox 454 755 623 797; x_wconf 89' lang='lat' dir='ltr'>moenia</span> <span class='ocrx_word' id='word_1_66' title='bbox 655 770 741 796; x_wconf 90' lang='lat' dir='ltr'>non</span> <span class='ocrx_word' id='word_1_67' title='bbox 774 754 997 798; x_wconf 89' lang='lat' dir='ltr'>custodita</span> <span class='ocrx_word' id='word_1_68' title='bbox 1030 758 1286 810; x_wconf 58' lang='lat' dir='ltr'>occuparet:</span> <span class='ocrx_word' id='word_1_69' title='bbox 1326 755 1373 796; x_wconf 91' lang='lat' dir='ltr'>in</span> <span class='ocrx_word' id='word_1_70' title='bbox 1405 757 1476 808; x_wconf 64' lang='lat'>§3</span> <span class='ocrx_word' id='word_1_71' title='bbox 1511 756 1657 811; x_wconf 82' lang='lat' dir='ltr'>Cyrus</span> <span class='ocrx_word' id='word_1_72' title='bbox 1689 755 1829 811; x_wconf 85' lang='lat' dir='ltr'>capti-</span> 
     </span>
     <span class='ocr_line' id='line_1_10' title="bbox 313 823 1827 879; baseline 0 -13"><span class='ocrx_word' id='word_1_73' title='bbox 313 838 470 866; x_wconf 81' lang='lat' dir='ltr'>vorum</span> <span class='ocrx_word' id='word_1_74' title='bbox 500 827 687 865; x_wconf 85' lang='lat' dir='ltr'>mortem</span> <span class='ocrx_word' id='word_1_75' title='bbox 712 824 919 877; x_wconf 74' lang='lat' dir='ltr'>minatur,</span> <span class='ocrx_word' id='word_1_76' title='bbox 951 827 1003 866; x_wconf 88' lang='lat' dir='ltr'>ut</span> <span class='ocrx_word' id='word_1_77' title='bbox 1026 823 1294 879; x_wconf 86' lang='lat' dir='ltr'>praesidium</span> <span class='ocrx_word' id='word_1_78' title='bbox 1316 826 1448 879; x_wconf 86' lang='lat' dir='ltr'>cogat</span> <span class='ocrx_word' id='word_1_79' title='bbox 1470 824 1649 866; x_wconf 80' lang='lat' dir='ltr'>tradere</span> <span class='ocrx_word' id='word_1_80' title='bbox 1671 839 1827 866; x_wconf 90' lang='lat' dir='ltr'>arcem.</span> 
     </span>
     <span class='ocr_line' id='line_1_11' title="bbox 315 892 1831 947; baseline 0.002 -15"><span class='ocrx_word' id='word_1_81' title='bbox 315 894 498 947; x_wconf 88' lang='lat' dir='ltr'>propter</span> <span class='ocrx_word' id='word_1_82' title='bbox 530 892 642 933; x_wconf 92' lang='lat' dir='ltr'>illud</span> <span class='ocrx_word' id='word_1_83' title='bbox 673 893 903 934; x_wconf 91' lang='lat' dir='ltr'>consilium</span> <span class='ocrx_word' id='word_1_84' title='bbox 926 893 1044 947; x_wconf 77' lang='lat' dir='ltr'>Cyro</span> <span class='ocrx_word' id='word_1_85' title='bbox 1074 892 1355 935; x_wconf 88' lang='lat' dir='ltr'>obtrectandi</span> <span class='ocrx_word' id='word_1_86' title='bbox 1385 893 1498 934; x_wconf 89' lang='lat' dir='ltr'>hanc</span> <span class='ocrx_word' id='word_1_87' title='bbox 1528 894 1831 935; x_wconf 83' lang='lat' dir='ltr'>narrationem</span> 
     </span>
     <span class='ocr_line' id='line_1_12' title="bbox 317 960 1832 1018; baseline 0.001 -16"><span class='ocrx_word' id='word_1_88' title='bbox 317 960 373 1002; x_wconf 89' lang='lat' dir='ltr'>ad</span> <span class='ocrx_word' id='word_1_89' title='bbox 415 962 629 1016; x_wconf 68' lang='lat' dir='ltr'>originem</span> <span class='ocrx_word' id='word_1_90' title='bbox 660 961 850 1017; x_wconf 74' lang='lat' dir='ltr'>Lydiam</span> <span class='ocrx_word' id='word_1_91' title='bbox 891 962 1169 1004; x_wconf 81' lang='lat' dir='ltr'>referendam</span> <span class='ocrx_word' id='word_1_92' title='bbox 1209 978 1302 1004; x_wconf 85' lang='grc'><strong>6336</strong></span> <span class='ocrx_word' id='word_1_93' title='bbox 1342 965 1465 1018; x_wconf 81' lang='lat' dir='ltr'>puto,</span> <span class='ocrx_word' id='word_1_94' title='bbox 1527 978 1622 1005; x_wconf 92' lang='lat' dir='ltr'>meo</span> <span class='ocrx_word' id='word_1_95' title='bbox 1655 962 1832 1018; x_wconf 88' lang='lat' dir='ltr'>quidem</span> 
     </span>
     <span class='ocr_line' id='line_1_13' title="bbox 315 1029 1830 1087; baseline 0.003 -16"><span class='ocrx_word' id='word_1_96' title='bbox 315 1029 477 1071; x_wconf 88' lang='lat' dir='ltr'>iudicio</span> <span class='ocrx_word' id='word_1_97' title='bbox 509 1031 642 1072; x_wconf 80' lang='lat' dir='ltr'>facile</span> <span class='ocrx_word' id='word_1_98' title='bbox 672 1031 878 1085; x_wconf 75' lang='lat' dir='ltr'>intellegi</span> <span class='ocrx_word' id='word_1_99' title='bbox 910 1033 1059 1086; x_wconf 89' lang='lat' dir='ltr'>potest</span> <span class='ocrx_word' id='word_1_100' title='bbox 1094 1032 1140 1072; x_wconf 89' lang='lat' dir='ltr'>in</span> <span class='ocrx_word' id='word_1_101' title='bbox 1161 1031 1312 1086; x_wconf 76' lang='lat' dir='ltr'>Lydia</span> <span class='ocrx_word' id='word_1_102' title='bbox 1333 1031 1611 1087; x_wconf 88' lang='lat' dir='ltr'>potissimum</span> <span class='ocrx_word' id='word_1_103' title='bbox 1633 1031 1830 1075; x_wconf 81' lang='lat' dir='ltr'>diversas</span> 
     </span>
     <span class='ocr_line' id='line_1_14' title="bbox 313 1099 1830 1157; baseline 0.003 -18"><span class='ocrx_word' id='word_1_104' title='bbox 313 1100 593 1141; x_wconf 83' lang='lat' dir='ltr'>narrationes</span> <span class='ocrx_word' id='word_1_105' title='bbox 627 1102 747 1141; x_wconf 87' lang='lat' dir='ltr'>ortas</span> <span class='ocrx_word' id='word_1_106' title='bbox 771 1114 862 1141; x_wconf 83' lang='lat' dir='ltr'>esse</span> <span class='ocrx_word' id='word_1_107' title='bbox 893 1099 946 1141; x_wconf 90' lang='lat' dir='ltr'>de</span> <span class='ocrx_word' id='word_1_108' title='bbox 968 1100 1173 1142; x_wconf 78' lang='lat' dir='ltr'>Sardium</span> <span class='ocrx_word' id='word_1_109' title='bbox 1196 1101 1538 1156; x_wconf 77' lang='lat' dir='ltr'>expugnatione,</span> <span class='ocrx_word' id='word_1_110' title='bbox 1571 1100 1699 1157; x_wconf 80' lang='lat' dir='ltr'>quod,</span> <span class='ocrx_word' id='word_1_111' title='bbox 1734 1116 1830 1143; x_wconf 87' lang='lat' dir='ltr'>cum</span> 
     </span>
     <span class='ocr_line' id='line_1_15' title="bbox 315 1169 1829 1226; baseline 0.003 -18"><span class='ocrx_word' id='word_1_112' title='bbox 315 1169 416 1209; x_wconf 86' lang='lat' dir='ltr'>urbs</span> <span class='ocrx_word' id='word_1_113' title='bbox 449 1171 703 1224; x_wconf 71' lang='lat' dir='ltr'>expugnata</span> <span class='ocrx_word' id='word_1_114' title='bbox 737 1171 853 1211; x_wconf 88' lang='lat' dir='ltr'>esset</span> <span class='ocrx_word' id='word_1_115' title='bbox 886 1172 979 1210; x_wconf 91' lang='lat' dir='ltr'>tam</span> <span class='ocrx_word' id='word_1_116' title='bbox 1021 1169 1168 1211; x_wconf 91' lang='lat' dir='ltr'>subito</span> <span class='ocrx_word' id='word_1_117' title='bbox 1202 1172 1248 1211; x_wconf 91' lang='lat' dir='ltr'>et</span> <span class='ocrx_word' id='word_1_118' title='bbox 1278 1170 1538 1226; x_wconf 81' lang='lat' dir='ltr'>improviso,</span> <span class='ocrx_word' id='word_1_119' title='bbox 1586 1185 1655 1212; x_wconf 86' lang='lat' dir='ltr'>res</span> <span class='ocrx_word' id='word_1_120' title='bbox 1697 1184 1829 1214; x_wconf 87' lang='lat' dir='ltr'>verae</span> 
     </span>
     <span class='ocr_line' id='line_1_16' title="bbox 313 1238 1828 1295; baseline 0.003 -17"><span class='ocrx_word' id='word_1_121' title='bbox 313 1252 548 1293; x_wconf 80' lang='lat' dir='ltr'>numquam</span> <span class='ocrx_word' id='word_1_122' title='bbox 580 1238 793 1280; x_wconf 89' lang='lat' dir='ltr'>constitui</span> <span class='ocrx_word' id='word_1_123' title='bbox 816 1241 1039 1294; x_wconf 83' lang='lat' dir='ltr'>poterant.</span> <span class='ocrx_word' id='word_1_124' title='bbox 1093 1253 1224 1295; x_wconf 88' lang='lat' dir='ltr'>quam</span> <span class='ocrx_word' id='word_1_125' title='bbox 1256 1241 1308 1281; x_wconf 89' lang='lat' dir='ltr'>ob</span> <span class='ocrx_word' id='word_1_126' title='bbox 1340 1254 1432 1282; x_wconf 91' lang='lat' dir='ltr'>rem</span> <span class='ocrx_word' id='word_1_127' title='bbox 1463 1255 1657 1282; x_wconf 88' lang='lat' dir='ltr'>rumores</span> <span class='ocrx_word' id='word_1_128' title='bbox 1691 1240 1828 1282; x_wconf 83' lang='lat' dir='ltr'>omnis</span> 
     </span>
     <span class='ocr_line' id='line_1_17' title="bbox 314 1306 1150 1363; baseline 0.002 -16"><span class='ocrx_word' id='word_1_129' title='bbox 314 1306 487 1361; x_wconf 88' lang='lat' dir='ltr'>generis</span> <span class='ocrx_word' id='word_1_130' title='bbox 520 1307 652 1349; x_wconf 82' lang='lat' dir='ltr'>facile</span> <span class='ocrx_word' id='word_1_131' title='bbox 684 1307 863 1363; x_wconf 86' lang='lat' dir='ltr'>vulgari</span> <span class='ocrx_word' id='word_1_132' title='bbox 894 1310 1150 1363; x_wconf 90' lang='lat' dir='ltr'>potuerunt.</span> 
     </span>
    </p>

    <p class='ocr_par' dir='ltr' id='par_1_3' title="bbox 312 1375 1831 1848">
     <span class='ocr_line' id='line_1_18' title="bbox 428 1375 1828 1434; baseline 0.003 -18"><span class='ocrx_word' id='word_1_133' title='bbox 428 1375 470 1430; x_wconf 83' lang='lat'>3)</span> <span class='ocrx_word' id='word_1_134' title='bbox 516 1376 715 1417; x_wconf 84' lang='lat' dir='ltr'>Tertiam</span> <span class='ocrx_word' id='word_1_135' title='bbox 743 1377 1006 1419; x_wconf 87' lang='lat' dir='ltr'>relationem</span> <span class='ocrx_word' id='word_1_136' title='bbox 1029 1392 1051 1419; x_wconf 91' lang='lat' dir='ltr'>e</span> <span class='ocrx_word' id='word_1_137' title='bbox 1075 1377 1226 1420; x_wconf 89' lang='lat' dir='ltr'>Ctesia</span> <span class='ocrx_word' id='word_1_138' title='bbox 1247 1378 1452 1420; x_wconf 89' lang='lat' dir='ltr'>haustam</span> <span class='ocrx_word' id='word_1_139' title='bbox 1475 1393 1567 1420; x_wconf 88' lang='lat' dir='ltr'>esse</span> <span class='ocrx_word' id='word_1_140' title='bbox 1590 1381 1768 1420; x_wconf 89' lang='lat' dir='ltr'>constat</span> <span class='ocrx_word' id='word_1_141' title='bbox 1784 1378 1828 1434; x_wconf 85' lang='lat' dir='ltr'>l).</span> 
     </span>
     <span class='ocr_line' id='line_1_19' title="bbox 313 1444 1830 1503; baseline 0.003 -18"><span class='ocrx_word' id='word_1_142' title='bbox 313 1444 462 1486; x_wconf 87' lang='lat' dir='ltr'>eadem</span> <span class='ocrx_word' id='word_1_143' title='bbox 502 1461 570 1487; x_wconf 85' lang='lat' dir='ltr'>res</span> <span class='ocrx_word' id='word_1_144' title='bbox 612 1448 833 1499; x_wconf 66' lang='lat' dir='ltr'>narratur,</span> <span class='ocrx_word' id='word_1_145' title='bbox 881 1446 956 1488; x_wconf 90' lang='lat' dir='ltr'>sed</span> <span class='ocrx_word' id='word_1_146' title='bbox 996 1447 1246 1489; x_wconf 88' lang='lat' dir='ltr'>accuratius</span> <span class='ocrx_word' id='word_1_147' title='bbox 1290 1462 1421 1503; x_wconf 89' lang='lat' dir='ltr'>quam</span> <span class='ocrx_word' id='word_1_148' title='bbox 1462 1447 1580 1503; x_wconf 88' lang='lat' dir='ltr'>apud</span> <span class='ocrx_word' id='word_1_149' title='bbox 1619 1447 1830 1489; x_wconf 87' lang='lat' dir='ltr'>Photium</span> 
     </span>
     <span class='ocr_line' id='line_1_20' title="bbox 314 1515 1828 1572; baseline 0.001 -15"><span class='ocrx_word' id='word_1_150' title='bbox 314 1516 370 1570; x_wconf 77' lang='lat' dir='ltr'>(v.</span> <span class='ocrx_word' id='word_1_151' title='bbox 404 1530 443 1570; x_wconf 90' lang='lat' dir='ltr'>p.</span> <span class='ocrx_word' id='word_1_152' title='bbox 469 1516 551 1562; x_wconf 72' lang='lat'>28).</span> <span class='ocrx_word' id='word_1_153' title='bbox 603 1531 706 1556; x_wconf 90' lang='lat' dir='ltr'>num</span> <span class='ocrx_word' id='word_1_154' title='bbox 741 1515 935 1557; x_wconf 87' lang='lat' dir='ltr'>Ctesiam</span> <span class='ocrx_word' id='word_1_155' title='bbox 965 1516 1128 1571; x_wconf 77' lang='lat' dir='ltr'>ipsum,</span> <span class='ocrx_word' id='word_1_156' title='bbox 1174 1531 1301 1572; x_wconf 91' lang='lat' dir='ltr'>quem</span> <span class='ocrx_word' id='word_1_157' title='bbox 1334 1516 1469 1558; x_wconf 88' lang='lat' dir='ltr'>etiam</span> <span class='ocrx_word' id='word_1_158' title='bbox 1509 1517 1828 1572; x_wconf 84' lang='lat' dir='ltr'>posterioribus</span> 
     </span>
     <span class='ocr_line' id='line_1_21' title="bbox 312 1585 1831 1642; baseline 0.003 -17"><span class='ocrx_word' id='word_1_159' title='bbox 312 1585 583 1640; x_wconf 81' lang='lat' dir='ltr'>temporibus</span> <span class='ocrx_word' id='word_1_160' title='bbox 626 1585 883 1627; x_wconf 87' lang='lat' dir='ltr'>lectitatum</span> <span class='ocrx_word' id='word_1_161' title='bbox 927 1600 1019 1627; x_wconf 90' lang='lat' dir='ltr'>esse</span> <span class='ocrx_word' id='word_1_162' title='bbox 1064 1585 1220 1627; x_wconf 89' lang='lat' dir='ltr'>scimus</span> <span class='ocrx_word' id='word_1_163' title='bbox 1265 1585 1327 1640; x_wconf 85' lang='lat' dir='ltr'>(id</span> <span class='ocrx_word' id='word_1_164' title='bbox 1359 1585 1592 1642; x_wconf 82' lang='lat' dir='ltr'>Pamphila</span> <span class='ocrx_word' id='word_1_165' title='bbox 1613 1586 1642 1641; x_wconf 74' lang='lat'>²)</span> <span class='ocrx_word' id='word_1_166' title='bbox 1686 1586 1831 1640; x_wconf 88' lang='lat' dir='ltr'>docet)</span> 
     </span>
     <span class='ocr_line' id='line_1_22' title="bbox 315 1654 1831 1709; baseline 0.001 -14"><span class='ocrx_word' id='word_1_167' title='bbox 315 1654 604 1709; x_wconf 68' lang='lat' dir='ltr'>excer11›sei·it.‚</span> <span class='ocrx_word' id='word_1_168' title='bbox 648 1654 866 1696; x_wconf 78' lang='lat' dir='ltr'>incertum</span> <span class='ocrx_word' id='word_1_169' title='bbox 911 1657 997 1708; x_wconf 71' lang='lat' dir='ltr'>est3</span> <span class='ocrx_word' id='word_1_170' title='bbox 1048 1654 1331 1697; x_wconf 83' lang='lat' dir='ltr'>verisimilius</span> <span class='ocrx_word' id='word_1_171' title='bbox 1376 1670 1468 1696; x_wconf 89' lang='lat' dir='ltr'>esse</span> <span class='ocrx_word' id='word_1_172' title='bbox 1513 1654 1621 1696; x_wconf 91' lang='lat' dir='ltr'>mihi</span> <span class='ocrx_word' id='word_1_173' title='bbox 1651 1654 1831 1697; x_wconf 88' lang='lat' dir='ltr'>videtur</span> 
     </span>
     <span class='ocr_line' id='line_1_23' title="bbox 312 1723 1830 1779; baseline 0.001 -15"><span class='ocrx_word' id='word_1_174' title='bbox 312 1723 585 1778; x_wconf 67' lang='lat' dir='ltr'>Polyaenum</span> <span class='ocrx_word' id='word_1_175' title='bbox 616 1723 703 1765; x_wconf 88' lang='lat' dir='ltr'>iam</span> <span class='ocrx_word' id='word_1_176' title='bbox 734 1739 859 1765; x_wconf 88' lang='lat' dir='ltr'>usum</span> <span class='ocrx_word' id='word_1_177' title='bbox 893 1738 986 1765; x_wconf 87' lang='lat' dir='ltr'>esse</span> <span class='ocrx_word' id='word_1_178' title='bbox 1008 1723 1267 1779; x_wconf 88' lang='lat' dir='ltr'>Pamphilae</span> <span class='ocrx_word' id='word_1_179' title='bbox 1297 1726 1504 1779; x_wconf 80' lang='lat' dir='ltr'>excerpto</span> <span class='ocrx_word' id='word_1_180' title='bbox 1529 1726 1713 1779; x_wconf 87' lang='lat' dir='ltr'>propter</span> <span class='ocrx_word' id='word_1_181' title='bbox 1734 1725 1830 1767; x_wconf 89' lang='lat' dir='ltr'>bre—</span> 
     </span>
     <span class='ocr_line' id='line_1_24' title="bbox 313 1792 721 1848; baseline -0.002 -14"><span class='ocrx_word' id='word_1_182' title='bbox 313 1792 503 1834; x_wconf 68' lang='lat' dir='ltr'>vitatem</span> <span class='ocrx_word' id='word_1_183' title='bbox 534 1793 721 1848; x_wconf 85' lang='lat' dir='ltr'>aptiore.</span> 
     </span>
    </p>

    <p class='ocr_par' dir='ltr' id='par_1_4' title="bbox 310 1861 1830 2195">
     <span class='ocr_line' id='line_1_25' title="bbox 428 1861 1829 1905; baseline 0.001 -2"><span class='ocrx_word' id='word_1_184' title='bbox 428 1861 601 1904; x_wconf 86' lang='lat' dir='ltr'>Ctesias</span> <span class='ocrx_word' id='word_1_185' title='bbox 647 1863 783 1904; x_wconf 88' lang='lat' dir='ltr'>etiam</span> <span class='ocrx_word' id='word_1_186' title='bbox 824 1862 937 1904; x_wconf 86' lang='lat' dir='ltr'>hanc</span> <span class='ocrx_word' id='word_1_187' title='bbox 978 1862 1177 1904; x_wconf 85' lang='lat' dir='ltr'>fabulam</span> <span class='ocrx_word' id='word_1_188' title='bbox 1218 1861 1376 1904; x_wconf 89' lang='lat' dir='ltr'>debere</span> <span class='ocrx_word' id='word_1_189' title='bbox 1418 1862 1598 1905; x_wconf 82' lang='lat' dir='ltr'>Videtur</span> <span class='ocrx_word' id='word_1_190' title='bbox 1637 1863 1829 1905; x_wconf 87' lang='lat' dir='ltr'>testibus</span> 
     </span>
     <span class='ocr_line' id='line_1_26' title="bbox 313 1930 1830 1988; baseline 0.001 -17"><span class='ocrx_word' id='word_1_191' title='bbox 313 1930 472 1983; x_wconf 66' lang='lat' dir='ltr'>Persis,</span> <span class='ocrx_word' id='word_1_192' title='bbox 507 1946 613 1987; x_wconf 87' lang='lat' dir='ltr'>quos</span> <span class='ocrx_word' id='word_1_193' title='bbox 647 1946 812 1973; x_wconf 90' lang='lat' dir='ltr'>summa</span> <span class='ocrx_word' id='word_1_194' title='bbox 844 1947 939 1973; x_wconf 88' lang='lat' dir='ltr'>cum</span> <span class='ocrx_word' id='word_1_195' title='bbox 972 1931 1211 1987; x_wconf 80' lang='lat' dir='ltr'>diligentia</span> <span class='ocrx_word' id='word_1_196' title='bbox 1243 1931 1489 1974; x_wconf 89' lang='lat' dir='ltr'>describere</span> <span class='ocrx_word' id='word_1_197' title='bbox 1519 1932 1718 1988; x_wconf 87' lang='lat' dir='ltr'>potuisse</span> <span class='ocrx_word' id='word_1_198' title='bbox 1749 1932 1830 1974; x_wconf 87' lang='lat' dir='ltr'>illa</span> 
     </span>
     <span class='ocr_line' id='line_1_27' title="bbox 313 2000 1828 2057; baseline 0.001 -17"><span class='ocrx_word' id='word_1_199' title='bbox 313 2000 547 2041; x_wconf 87' lang='lat' dir='ltr'>simulacra</span> <span class='ocrx_word' id='word_1_200' title='bbox 579 2004 921 2043; x_wconf 80' lang='lat' dir='ltr'>consentaneum</span> <span class='ocrx_word' id='word_1_201' title='bbox 953 2004 1033 2043; x_wconf 90' lang='lat' dir='ltr'>est.</span> <span class='ocrx_word' id='word_1_202' title='bbox 1085 2001 1241 2056; x_wconf 87' lang='lat' dir='ltr'>Lydos</span> <span class='ocrx_word' id='word_1_203' title='bbox 1266 2001 1380 2043; x_wconf 89' lang='lat' dir='ltr'>enim</span> <span class='ocrx_word' id='word_1_204' title='bbox 1401 2001 1580 2043; x_wconf 83' lang='lat' dir='ltr'>finxisse</span> <span class='ocrx_word' id='word_1_205' title='bbox 1612 2001 1688 2043; x_wconf 77' lang='lat' dir='ltr'>vix</span> <span class='ocrx_word' id='word_1_206' title='bbox 1718 2003 1828 2057; x_wconf 86' lang='lat' dir='ltr'>puto</span> 
     </span>
     <span class='ocr_line' id='line_1_28' title="bbox 311 2067 1827 2126; baseline 0.002 -18"><span class='ocrx_word' id='word_1_207' title='bbox 311 2067 439 2108; x_wconf 82' lang='lat' dir='ltr'>huius</span> <span class='ocrx_word' id='word_1_208' title='bbox 471 2070 644 2123; x_wconf 79' lang='lat' dir='ltr'>generis</span> <span class='ocrx_word' id='word_1_209' title='bbox 677 2070 887 2123; x_wconf 71' lang='lat' dir='ltr'>fabulam,</span> <span class='ocrx_word' id='word_1_210' title='bbox 930 2084 1016 2126; x_wconf 84' lang='lat' dir='ltr'>qua</span> <span class='ocrx_word' id='word_1_211' title='bbox 1058 2084 1161 2112; x_wconf 88' lang='lat' dir='ltr'>sane</span> <span class='ocrx_word' id='word_1_212' title='bbox 1201 2085 1289 2112; x_wconf 89' lang='lat' dir='ltr'>non</span> <span class='ocrx_word' id='word_1_213' title='bbox 1321 2070 1603 2112; x_wconf 88' lang='lat' dir='ltr'>celebrantur</span> <span class='ocrx_word' id='word_1_214' title='bbox 1633 2070 1827 2112; x_wconf 86' lang='lat' dir='ltr'>virtutes</span> 
     </span>
     <span class='ocr_line' id='line_1_29' title="bbox 310 2138 1826 2195; baseline 0.002 -18"><span class='ocrx_word' id='word_1_215' title='bbox 310 2138 498 2177; x_wconf 38' lang='lat' dir='ltr'>initian¹</span> <span class='ocrx_word' id='word_1_216' title='bbox 542 2139 884 2181; x_wconf 70' lang='lat' dir='ltr'>fortissimorum</span> <span class='ocrx_word' id='word_1_217' title='bbox 925 2139 1142 2194; x_wconf 81' lang='lat' dir='ltr'>propriae,</span> <span class='ocrx_word' id='word_1_218' title='bbox 1188 2140 1442 2181; x_wconf 84' lang='lat' dir='ltr'>constantia</span> <span class='ocrx_word' id='word_1_219' title='bbox 1485 2153 1536 2181; x_wconf 86' lang='lat' dir='ltr'>ac</span> <span class='ocrx_word' id='word_1_220' title='bbox 1579 2139 1826 2195; x_wconf 86' lang='lat' dir='ltr'>disciplina.</span> 
     </span>
    </p>

    <p class='ocr_par' dir='ltr' id='par_1_5' title="bbox 312 2208 1829 2541">
     <span class='ocr_line' id='line_1_30' title="bbox 436 2208 1829 2264; baseline 0.001 -16"><span class='ocrx_word' id='word_1_221' title='bbox 436 2208 646 2262; x_wconf 70' lang='lat' dir='ltr'>}&#39;olyaeni</span> <span class='ocrx_word' id='word_1_222' title='bbox 668 2209 950 2250; x_wconf 80' lang='lat' dir='ltr'>narrationes</span> <span class='ocrx_word' id='word_1_223' title='bbox 973 2211 1280 2264; x_wconf 87' lang='lat' dir='ltr'>comparantes</span> <span class='ocrx_word' id='word_1_224' title='bbox 1303 2224 1400 2251; x_wconf 85' lang='lat' dir='ltr'>eum</span> <span class='ocrx_word' id='word_1_225' title='bbox 1417 2208 1673 2250; x_wconf 87' lang='lat' dir='ltr'>Herodotea</span> <span class='ocrx_word' id='word_1_226' title='bbox 1696 2222 1829 2264; x_wconf 88' lang='lat' dir='ltr'>supra</span> 
     </span>
     <span class='ocr_line' id='line_1_31' title="bbox 312 2277 1827 2332; baseline 0.003 -17"><span class='ocrx_word' id='word_1_227' title='bbox 312 2277 511 2317; x_wconf 83' lang='lat' dir='ltr'>tractata</span> <span class='ocrx_word' id='word_1_228' title='bbox 551 2278 851 2332; x_wconf 82' lang='lat' dir='ltr'>cognoscimus</span> <span class='ocrx_word' id='word_1_229' title='bbox 897 2293 1042 2320; x_wconf 90' lang='lat' dir='ltr'>omnes</span> <span class='ocrx_word' id='word_1_230' title='bbox 1082 2278 1202 2320; x_wconf 88' lang='lat' dir='ltr'>inter</span> <span class='ocrx_word' id='word_1_231' title='bbox 1243 2293 1287 2320; x_wconf 87' lang='lat' dir='ltr'>se</span> <span class='ocrx_word' id='word_1_232' title='bbox 1319 2277 1511 2320; x_wconf 83' lang='lat' dir='ltr'>differre.</span> <span class='ocrx_word' id='word_1_233' title='bbox 1574 2277 1827 2320; x_wconf 85' lang='lat' dir='ltr'>Herodotus</span> 
     </span>
     <span class='ocr_line' id='line_1_32' title="bbox 313 2344 1827 2403; baseline 0.003 -19"><span class='ocrx_word' id='word_1_234' title='bbox 313 2344 425 2385; x_wconf 86' lang='lat' dir='ltr'>enim</span> <span class='ocrx_word' id='word_1_235' title='bbox 457 2349 627 2397; x_wconf 85' lang='lat' dir='ltr'>narrat,</span> <span class='ocrx_word' id='word_1_236' title='bbox 673 2349 906 2403; x_wconf 85' lang='lat' dir='ltr'>postquam</span> <span class='ocrx_word' id='word_1_237' title='bbox 948 2349 1051 2389; x_wconf 90' lang='lat' dir='ltr'>urbs</span> <span class='ocrx_word' id='word_1_238' title='bbox 1092 2347 1263 2389; x_wconf 82' lang='lat' dir='ltr'>frustra</span> <span class='ocrx_word' id='word_1_239' title='bbox 1305 2349 1563 2403; x_wconf 82' lang='lat' dir='ltr'>oppugnata</span> <span class='ocrx_word' id='word_1_240' title='bbox 1607 2349 1686 2399; x_wconf 81' lang='lat' dir='ltr'>est,</span> <span class='ocrx_word' id='word_1_241' title='bbox 1731 2346 1827 2388; x_wconf 89' lang='grc'><strong>1060</strong></span> 
     </span>
     <span class='ocr_line' id='line_1_33' title="bbox 312 2413 1826 2458; baseline 0.002 -5"><span class='ocrx_word' id='word_1_242' title='bbox 312 2413 565 2455; x_wconf 84' lang='lat' dir='ltr'>custodibus</span> <span class='ocrx_word' id='word_1_243' title='bbox 598 2418 776 2457; x_wconf 84' lang='lat' dir='ltr'>carente</span> <span class='ocrx_word' id='word_1_244' title='bbox 799 2431 943 2457; x_wconf 90' lang='lat' dir='ltr'>muros</span> <span class='ocrx_word' id='word_1_245' title='bbox 967 2430 992 2457; x_wconf 94' lang='lat' dir='ltr'>a</span> <span class='ocrx_word' id='word_1_246' title='bbox 1013 2416 1159 2458; x_wconf 88' lang='lat' dir='ltr'>Persis</span> <span class='ocrx_word' id='word_1_247' title='bbox 1183 2430 1384 2458; x_wconf 89' lang='lat' dir='ltr'>ascensos</span> <span class='ocrx_word' id='word_1_248' title='bbox 1418 2431 1510 2458; x_wconf 91' lang='lat' dir='ltr'>esse</span> <span class='ocrx_word' id='word_1_249' title='bbox 1542 2415 1651 2457; x_wconf 89' lang='lat' dir='ltr'>duce</span> <span class='ocrx_word' id='word_1_250' title='bbox 1672 2414 1826 2457; x_wconf 90' lang='lat' dir='ltr'>Mardo</span> 
     </span>
     <span class='ocr_line' id='line_1_34' title="bbox 313 2482 1480 2541; baseline 0.003 -18"><span class='ocrx_word' id='word_1_251' title='bbox 313 2482 513 2538; x_wconf 74' lang='lat' dir='ltr'>quodam,</span> <span class='ocrx_word' id='word_1_252' title='bbox 545 2483 621 2539; x_wconf 89' lang='lat' dir='ltr'>qui</span> <span class='ocrx_word' id='word_1_253' title='bbox 654 2485 853 2525; x_wconf 85' lang='lat' dir='ltr'>semitam</span> <span class='ocrx_word' id='word_1_254' title='bbox 886 2486 1122 2540; x_wconf 86' lang='lat' dir='ltr'>abruptam</span> <span class='ocrx_word' id='word_1_255' title='bbox 1155 2486 1480 2541; x_wconf 79' lang='lat' dir='ltr'>exploraverat.</span> 
     </span>
    </p>

    <p class='ocr_par' dir='ltr' id='par_1_6' title="bbox 311 2551 1828 2748">
     <span class='ocr_line' id='line_1_35' title="bbox 426 2551 1827 2610; baseline 0.002 -18"><span class='ocrx_word' id='word_1_256' title='bbox 426 2551 494 2592; x_wconf 83' lang='lat' dir='ltr'>Ex</span> <span class='ocrx_word' id='word_1_257' title='bbox 540 2551 608 2593; x_wconf 88' lang='lat' dir='ltr'>his</span> <span class='ocrx_word' id='word_1_258' title='bbox 654 2555 869 2608; x_wconf 87' lang='lat' dir='ltr'>quattuor</span> <span class='ocrx_word' id='word_1_259' title='bbox 914 2554 1245 2596; x_wconf 86' lang='lat' dir='ltr'>narrationibus</span> <span class='ocrx_word' id='word_1_260' title='bbox 1292 2556 1504 2610; x_wconf 83' lang='lat' dir='ltr'>apparet,</span> <span class='ocrx_word' id='word_1_261' title='bbox 1552 2555 1827 2610; x_wconf 86' lang='lat' dir='ltr'>quantopere</span> 
     </span>
     <span class='ocr_line' id='line_1_36' title="bbox 311 2618 1828 2679; baseline 0.003 -19"><span class='ocrx_word' id='word_1_262' title='bbox 311 2618 477 2662; x_wconf 81' lang='lat' dir='ltr'>fabella</span> <span class='ocrx_word' id='word_1_263' title='bbox 510 2621 658 2675; x_wconf 88' lang='lat' dir='ltr'>potita</span> <span class='ocrx_word' id='word_1_264' title='bbox 701 2623 760 2663; x_wconf 88' lang='lat' dir='ltr'>sit</span> <span class='ocrx_word' id='word_1_265' title='bbox 792 2622 927 2664; x_wconf 91' lang='lat' dir='ltr'>etiam</span> <span class='ocrx_word' id='word_1_266' title='bbox 949 2622 1153 2665; x_wconf 76' lang='lat' dir='ltr'>Sardium</span> <span class='ocrx_word' id='word_1_267' title='bbox 1185 2624 1529 2679; x_wconf 80' lang='lat' dir='ltr'>expugnatione.</span> <span class='ocrx_word' id='word_1_268' title='bbox 1593 2638 1646 2665; x_wconf 79' lang='lat' dir='ltr'>ex</span> <span class='ocrx_word' id='word_1_269' title='bbox 1677 2637 1828 2665; x_wconf 89' lang='lat' dir='ltr'>earum</span> 
     </span>
     <span class='ocr_line' id='line_1_37' title="bbox 312 2688 1828 2748; baseline 0.003 -20"><span class='ocrx_word' id='word_1_270' title='bbox 312 2688 575 2731; x_wconf 82' lang='lat' dir='ltr'>diversitate</span> <span class='ocrx_word' id='word_1_271' title='bbox 615 2691 874 2733; x_wconf 86' lang='lat' dir='ltr'>concludere</span> <span class='ocrx_word' id='word_1_272' title='bbox 914 2707 1141 2748; x_wconf 85' lang='lat' dir='ltr'>possumus</span> <span class='ocrx_word' id='word_1_273' title='bbox 1184 2693 1276 2734; x_wconf 84' lang='lat' dir='ltr'>sine</span> <span class='ocrx_word' id='word_1_274' title='bbox 1309 2692 1440 2735; x_wconf 91' lang='lat' dir='ltr'>dubio</span> <span class='ocrx_word' id='word_1_275' title='bbox 1470 2707 1646 2734; x_wconf 87' lang='lat' dir='ltr'>causam</span> <span class='ocrx_word' id='word_1_276' title='bbox 1677 2705 1828 2736; x_wconf 85' lang='lat' dir='ltr'>Veram</span> 
     </span>
    </p>
   </div>
   <div class='ocr_carea' id='block_1_3' title="bbox 429 2784 1635 2888">
    <p class='ocr_par' dir='ltr' id='par_1_7' title="bbox 429 2784 1635 2888">
     <span class='ocr_line' id='line_1_38' title="bbox 432 2784 1635 2829; baseline 0.002 -14"><span class='ocrx_word' id='word_1_277' title='bbox 432 2786 465 2819; x_wconf 72' lang='lat'>1&gt;</span> <span class='ocrx_word' id='word_1_278' title='bbox 494 2784 611 2816; x_wconf 78' lang='lat' dir='ltr'>Etiam</span> <span class='ocrx_word' id='word_1_279' title='bbox 642 2784 811 2818; x_wconf 79' lang='lat' dir='ltr'>Duncker</span> <span class='ocrx_word' id='word_1_280' title='bbox 838 2789 873 2818; x_wconf 86' lang='lat' dir='ltr'>et</span> <span class='ocrx_word' id='word_1_281' title='bbox 900 2784 1078 2819; x_wconf 82' lang='lat' dir='ltr'>Schubert</span> <span class='ocrx_word' id='word_1_282' title='bbox 1104 2786 1196 2820; x_wconf 85' lang='lat' dir='ltr'>hanc</span> <span class='ocrx_word' id='word_1_283' title='bbox 1224 2785 1429 2829; x_wconf 87' lang='lat' dir='ltr'>opinionem</span> <span class='ocrx_word' id='word_1_284' title='bbox 1456 2784 1635 2819; x_wconf 82' lang='lat' dir='ltr'>dixerunt.</span> 
     </span>
     <span class='ocr_line' id='line_1_39' title="bbox 429 2842 1039 2888; baseline 0.007 -15"><span class='ocrx_word' id='word_1_285' title='bbox 429 2844 464 2884; x_wconf 73' lang='lat'>2)</span> <span class='ocrx_word' id='word_1_286' title='bbox 493 2842 536 2875; x_wconf 70' lang='lat' dir='ltr'>cf.</span> <span class='ocrx_word' id='word_1_287' title='bbox 565 2842 709 2876; x_wconf 69' lang='lat' dir='ltr'>Suidam</span> <span class='ocrx_word' id='word_1_288' title='bbox 736 2854 761 2877; x_wconf 89' lang='lat' dir='ltr'>s.</span> <span class='ocrx_word' id='word_1_289' title='bbox 790 2855 818 2878; x_wconf 83' lang='lat' dir='ltr'>v.</span> <span class='ocrx_word' id='word_1_290' title='bbox 848 2845 1039 2888; x_wconf 79' lang='grc' dir='ltr'><em>Παμφίλη.</em></span> 
     </span>
    </p>
   </div>
  </div>
 </body>
</html>
