1968 3206
833 178 1118 219 ..60-

212 297 338 338 11111111
370 297 658 352 praeveniens
688 312 784 338 cum
806 297 1029 339 nonnullis
1053 297 1202 339 amicis
1226 297 1377 339 'eadem
1399 300 1528 340 nocte
1550 299 1728 342 necavit

213 381 374 420 regem.
436 380 520 420 quo
564 365 690 407 modo
732 368 778 407 et
815 366 971 421 regina
1003 368 1049 408 et
1079 381 1215 421 regno
1247 367 1420 423 potitus
1453 369 1532 409 est.
1568 393 1620 398 ——
1653 368 1728 410 sed

214 434 348 475 etiam
372 435 552 475 exstant
574 434 689 475 aliae
710 434 963 485 relationes,
998 449 1109 490 quae
1131 436 1185 476 ab
1207 435 1297 477 illis
1319 435 1451 491 plane
1473 435 1725 489 abhorrent,

213 503 401 545 maxime
432 503 513 545 illa
543 504 743 545 narratio
778 504 1011 545 Platonica
1044 503 1114 558 (de
1145 520 1235 561 rep.
1258 505 1319 558 H,
1337 505 1392 559 3).
1446 520 1557 561 quae
1580 521 1726 549 omnes

213 572 331 613 inter
364 588 408 614 se
440 573 724 614 consentiunt
757 573 803 613 111
834 573 888 614 113
921 572 1088 615 duabus
1120 575 1248 615 rebus
1282 574 1400 627 solis,
1433 575 1550 630 quod
1571 575 1726 631 Gyges

212 656 362 696 regem
404 642 583 684 necavit
627 644 672 683 et
716 656 804 683 una
847 656 943 683 011111
985 642 1141 697 regina
1187 642 1374 699 adeptus
1420 646 1487 685 est
1530 659 1726 699 regnum.

213 713 362 751 cetera
416 710 560 751 omnia
618 711 737 752 inter
784 726 829 753 se
876 710 1142 767 discrepant.
1219 726 1482 768 quamquam
1526 714 1727 755 narratio

211 778 467 821 Herodotea
499 779 630 821 valde
662 779 850 821 inclinat
882 780 927 821 in
960 780 1172 822 eiusmodi
1202 781 1573 835 narratiunculas,
1618 797 1726 839 quas

212 848 386 890 nomine
417 848 693 891 novellarum
726 847 959 904 designare
982 850 1182 902 solemus,
1217 850 1368 905 quales
1390 850 1565 893 fabulas
1587 852 1726 894 Hero-

213 916 318 958 doto
352 918 517 973 optime
548 918 754 972 praebuit
786 918 891 961 Viva
921 918 1145 959 hominum
1176 934 1275 971 vox,
1307 921 1458 961 tamen
1486 919 1728 963 identidem

213 986 361 1027 conati
402 989 506 1028 sunt
537 987 623 1029 viri
662 986 780 1029 docti
814 1001 908 1028 eain
939 988 1106 1030 referre
1139 987 1195 1029 ad
1226 988 1400 1041 librum,
1434 1014 1488 1018 —
1520 988 1576 1030 ad
1607 990 1726 1031 Xan-

211 1055 338 1096 thum
361 1055 402 1107 Γ).

333 1209 365 1244 l)
393 1206 441 1239 Et
467 1206 625 1240 Pomtow
653 1207 728 1244 (1.1.
756 1209 916 1250 110941)
944 1211 979 1240 et
1007 1206 1306 1242 Seidenstuecker
1333 1208 1538 1252 (111154)
1567 1221 1726 1254 compro-

212 1264 299 1297 bare
326 1264 541 1298 studuerunt
576 1266 736 1308 singulas
772 1266 992 1300 narrationis
1020 1266 1248 1301 Herodoteae
1285 1272 1406 1310 partes
1439 1267 1620 1302 derivatas
1648 1279 1726 1304 esse

210 1334 230 1356 e
257 1323 412 1357 Xantho.
441 1344 484 1349 —
520 1324 765 1365 diversitates,
804 1335 896 1368 quae
933 1330 1087 1366 exstant,
1127 1327 1355 1369 explicantur
1390 1326 1531 1361 diversa
1565 1329 1725 1363 ratione:

212 1383 440 1417 Hachtmann
468 1385 505 1427 (l.
527 1384 548 1417 l.
576 1396 610 1428 p.
633 1387 689 1423 17)
709 1385 957 1427 gravissimam
977 1384 1255 1427 discrepantiam
1276 1389 1390 1428 putat,
1419 1386 1513 1429 quod
1532 1387 1726 1421 secundum

211 1441 399 1476 Nicolaum
432 1443 547 1476 scelus
576 1443 666 1487 Gygi
701 1443 841 1476 crimini
868 1444 1031 1486 vertitur,
1069 1444 1262 1477 secundum
1292 1444 1511 1478 Herodotum
1540 1444 1726 1481 Candauli.

212 1511 317 1543 quam
345 1500 603 1535 dissensionem
624 1502 738 1536 refert
757 1501 802 1535 ad
822 1513 874 1545 ea,
903 1513 994 1545 quae
1013 1514 1033 1536 a
1052 1503 1301 1537 sacerdotibus
1321 1504 1506 1546 Delphicis
1525 1504 1726 1548 accipiebat

210 1559 427 1593 Herodotus.
488 1571 576 1604 quos
614 1562 722 1605 Gygis
761 1560 920 1595 donariis
960 1566 1153 1596 commotos
1191 1561 1372 1596 studuisse
1412 1562 1576 1596 facinora
1615 1563 1723 1607 Gygis

211 1618 415 1653 defendere.
456 1641 499 1644 —
538 1620 697 1654 Pomtow
743 1620 821 1659 (1.1.
857 1631 937 1664 pag.
969 1623 1029 1659 40)
1074 1625 1200 1654 contra
1236 1621 1457 1655 Herodotum
1494 1622 1591 1655 illam
1627 1622 1723 1665 apud

210 1677 397 1711 Platonem
424 1679 611 1712 historiam
639 1679 684 1712 ad
710 1690 832 1713 verum
860 1681 992 1724 Gygein
1019 1680 1250 1714 transtulisse
1277 1680 1383 1714 dicit:
1413 1682 1537 1723 „Hanc
1561 1682 1604 1715 de
1622 1681 1723 1715 fabu-

210 1736 287 1770 loso
329 1737 426 1782 Gyge
465 1742 502 1779 (a
538 1738 689 1771 Platone
724 1740 1035 1789 commemorato),
1084 1739 1316 1773 Mermnadae
1354 1740 1478 1783 stirpis
1518 1751 1621 1784 rege,
1662 1745 1724 1774 aut

210 1796 359 1829 similem
392 1797 702 1830 narratiunculam
738 1808 815 1831 cum
852 1797 1059 1840 audivisset,
1098 1798 1303 1832 Herodotus
1339 1799 1384 1832 ad
1421 1809 1542 1833 verum
1578 1799 1722 1843 Gygem,

210 1855 357 1899 Dascyli
383 1855 510 1895 filium,
546 1855 727 1900 Lydorum
754 1867 884 1899 regem,
922 1858 982 1899 qui
1016 1857 1218 1891 Heraclidis
1252 1868 1399 1901 regnum
1427 1858 1570 1902 eripuit,
1607 1863 1724 1892 trans-

211 1914 335 1947 tulisse
363 1913 514 1955 videtur‚
542 1914 636 1948 unde
664 1915 829 1957 efficitur,
857 1920 896 1949 ut
922 1917 1024 1949 nobis
1053 1916 1276 1959 probandum
1304 1917 1350 1950 sit
1368 1915 1518 1950 duorum
1537 1921 1723 1951 auctorum

211 1972 254 2006 de
291 1983 333 2006 ea
369 1984 407 2006 rc
443 1974 631 2006 memorias
669 1985 746 2007 011111
786 1975 957 2008 hocloco
985 1976 1203 2009 11113011133014.
1233 1996 1275 2000 —
1304 1975 1605 2010 Seidenstueckcr
1643 1976 1722 2021 (1.1.

210 2043 289 2075 pag.
319 2035 378 2069 52)
405 2031 557 2075 denique
586 2032 808 2067 Herodotum
835 2045 905 2068 non
943 2035 1095 2077 ⁷,iustam
1124 2035 1288 2078 Delphici
1315 2035 1451 2069 oraculi
1478 2035 1649 2069 formam“
1679 2055 1722 2060 —

211 2090 305 2133 quod
332 2091 533 2133 significare
552 2092 642 2126 velle
668 2096 773 2135 puto:
802 2093 985 2126 oraculum
1006 2094 1168 2128 versibus
1188 2095 1423 2137 compositum
1451 2114 1494 2119 —-
1521 2093 1723 2137 prodidisse

210 2150 367 2192 explicat
394 2161 436 2183 ex
463 2161 516 2192 eo,
543 2151 637 2193 quod
663 2150 753 2184 illud
780 2162 798 2185 0
824 2151 969 2185 Xantho
990 2152 1151 2186 hauserit
1172 2153 1387 2195 Herodotus,
1416 2153 1478 2196 qui
1504 2159 1631 2196 postea
1658 2164 1722 2187 suo

211 2218 254 2242 ex
281 2208 432 2243 arbitrio
459 2210 592 2252 passim
620 2215 860 2252 permutatum
889 2211 1113 2244 enarraverit
1148 2211 1208 2251 (cf.
1238 2222 1318 2255 pag.
1346 2214 1417 2255 64).
1446 2232 1489 2237 —
1526 2211 1589 2246 sed
1615 2212 1723 2246 etiam

211 2267 291 2300 aliis
318 2267 405 2301 locis
432 2268 663 2301 inveniuntur
697 2269 844 2302 oracula
877 2279 1041 2303 sermone
1069 2269 1228 2313 pedestri
1256 2271 1465 2314 composita,
1493 2271 1589 2305 velut
1616 2271 1641 2313 1,
1657 2273 1718 2305 53:

238 2352 270 2360 ..
299 2323 346 2368 ἣν
372 2326 612 2368 στρατεύηται
643 2324 702 2361 ἐπὶ
728 2326 884 2370 Πέρσας,
910 2327 1074 2372 μεγάλην
1100 2328 1219 2372 ἀρχήν
1245 2342 1308 2372 μιν
1336 2332 1549 2363 καταλῦσαι.

330 2384 399 2418 Sed
426 2386 503 2427 quis
532 2390 596 2427 est,
630 2387 691 2429 qui
717 2391 830 2429 putet,
858 2387 929 2420 illis
958 2388 1258 2430 explicationibus
1286 2409 1328 2413 —
1358 2392 1477 2422 utrum
1505 2391 1576 2422 sint
1601 2393 1723 2423 rectae

210 2454 255 2476 an
290 2443 406 2477 falsae
440 2444 475 2476 in
511 2445 648 2478 incerto
682 2445 846 2487 relinquo
881 2465 923 2471 —
964 2445 1204 2480 demonstrari
1242 2446 1465 2481 Herodotum
1503 2457 1581 2482 esse
1619 2459 1723 2482 usum

210 2502 382 2536 Xantho?
422 2503 530 2547 Gygis
558 2502 702 2545 factum,
739 2514 807 2546 quo
835 2515 981 2547 regnum
1009 2505 1161 2548 adeptus
1189 2509 1254 2547 est,
1293 2517 1363 2539 non
1390 2507 1504 2540 minus
1532 2506 1722 2540 obscurum

210 2571 315 2603 quani
343 2572 450 2604 grave
485 2562 521 2594 in
548 2562 702 2595 omnium
731 2573 792 2596 ore
819 2563 932 2597 fuisse
959 2568 1236 2598 consentaneum
1265 2569 1328 2599 est.
1380 2569 1488 2608 atque
1515 2576 1593 2598 cum
1621 2565 1721 2608 origo

209 2621 430 2653 narrationis
457 2620 686 2655 Herodoteae
705 2621 841 2655 incidat
859 2622 894 2655 in
914 2633 991 2656 eam
1009 2627 1163 2657 aetatem
1183 2623 1312 2667 ipsam,
1339 2634 1444 2666 quam
1463 2623 1722 2658 novellisticam

209 2680 442 2722 nominamus,
470 2680 640 2714 facillime
658 2681 820 2724 intellegi
846 2684 966 2724 potest
992 2682 1072 2716 huic
1098 2682 1271 2716 historiae
1298 2682 1423 2716 addita
1449 2694 1527 2717 esse
1554 2683 1722 2717 fabulosa

210 2749 252 2772 ex
288 2739 367 2772 aliis
405 2740 675 2774 narrationibus
712 2744 864 2783 sumpta.
917 2751 987 2783 qua
1023 2741 1066 2774 de
1101 2752 1209 2775 causa
1236 2752 1385 2785 pravum
1412 2745 1467 2776 est
1492 2742 1556 2776 has
1575 2741 1722 2776 diversi-

211 2802 302 2831 tates
338 2798 433 2832 inter
467 2808 504 2832 30
540 2809 708 2841 aequare.
735 2819 779 2823 —
816 2798 879 2833 sed
914 2799 1136 2833 Herodotum
1174 2801 1289 2843 ipsum
1330 2800 1439 2843 illam,
1481 2811 1586 2843 quam
1625 2799 1721 2843 apud

209 2856 392 2890 Xanthum
410 2857 596 2901 invenerit,
612 2857 772 2892 fabulam
792 2861 984 2902 tantopere
1003 2859 1286 2902 commutavisse,
1306 2863 1345 2894 ut
1365 2860 1563 2903 exemplum
1579 2859 1720 2894 omnino
