1915 3190
743 175 794 180 -.
862 151 911 192 17
976 176 1025 180 ---

128 283 265 325 supra
295 267 498 310 diximus.
561 281 673 322 quae
718 271 782 307 est
833 266 930 307 finis
973 270 1019 307 et
1059 266 1185 321 quusi
1219 265 1389 307 eulmen
1423 265 1564 307 totius
1598 265 1650 305 «le

130 338 291 381 Solone
324 336 548 387 historiae,
583 352 667 392 qno
692 337 850 378 omisso
881 335 989 378 illud
1023 336 1199 378 Solonis
1234 335 1449 391 sapientis
1483 334 1649 377 dietum

129 410 253 451 caret
283 421 335 449 ea
366 406 661 455 auctoritato,
708 422 835 462 ⁴1¹¹²¹¹¹¹
870 408 1005 448 all'ert
1036 406 1186 447 Croesi
1223 406 1358 460 ipsius
1395 406 1501 447 vita.
1565 419 1651 460 qua

127 476 181 520 (le
213 491 344 519 causa
375 491 467 532 cap.
501 478 556 516 811
590 491 712 532 pars,
758 491 870 531 quae
903 475 1078 532 quidem
1112 475 1167 517 ad
1200 475 1405 516 Solonem
1441 474 1649 529 pertinet.

130 546 365 590 referenda
411 550 479 588 est
525 545 579 587 ad
628 545 812 587 eundem
870 547 1038 587 fontem
1096 544 1313 587 Atticum.
1389 560 1516 600 quem
1565 560 1649 585 non

126 615 341 672 scriptum
374 615 524 665 fuisse,
559 614 635 656 sed
669 615 906 656 viva'xoee
935 614 1074 656 latum
1108 629 1204 656 esse
1239 613 1523 656 verisimilius
1557 630 1650 654 esse

127 684 233 728 mihi
266 684 459 728 videtur.

242 767 285 820 b)
333 770 472 819 Quem
514 767 682 808 fontem
722 769 901 808 secutus
935 768 1005 807 est
1038 764 1294 806 Herodotus
1337 780 1388 806 ea
1430 764 1472 806 in
1507 768 1651 820 parte,

126 850 214 893 qua
255 835 420 892 Apollo
464 835 751 878 celebratur?
810 834 992 876 difficile
1045 849 1131 875 11011
1182 837 1250 875 est
1303 833 1412 875 hanc
1456 834 1650 876 fabulam

126 906 242 949 fonti
292 906 504 962 Delphico
551 905 790 947 ascribere.
863 903 1120 946 sacerdotes
1170 903 1408 958 Delphicus
1458 904 1651 945 fabulam

127 975 282 1019 Croesi
300 977 355 1017 ab
371 975 582 1032 Apolline
601 975 772 1017 servati
790 973 1053 1028 cognovisse
1077 975 1122 1015 et
1145 972 1442 1015 celebravisse
1465 978 1653 1029 apparet

129 1061 181 1088 ex
204 1045 333 1087 huius
356 1045 495 1087 sontis
518 1045 715 1087 ratione:
746 1044 840 1086 fieri
863 1059 950 1086 non
972 1043 1135 1099 potuit,
1160 1047 1210 1084 ut
1233 1042 1653 1098 praetermitterent

128 1115 211 1158 1100
252 1114 477 1171 Apollinis
522 1117 712 1165 factum,
770 1128 855 1170 quo
899 1113 969 1154 dei
1016 1112 1220 1168 potentia
1262 1111 1653 1155 demonstrabatur

126 1184 408 1242 amplissime.
471 1187 706 1240 praeterea
748 1184 875 1236 origo
909 1182 1126 1238 Delphica
1166 1196 1219 1224 ex
1263 1197 1312 1224 οο
1353 1182 1652 1237 cognoscitur,

130 1253 246 1311 quod
278 1253 450 1309 Pythia
482 1254 577 1309 ipsa
608 1252 688 1295 hoe
720 1252 791 1295 dei
826 1253 997 1295 facinus
1040 1251 1107 1293 his
1141 1251 1291 1293 verbis
1332 1251 1510 1294 laudat:
1560 1253 1652 1293 δεύ-

127 1339 224 1377 τερα
271 1322 317 1364 ὀὲ
361 1324 527 1364 τούτων
571 1323 785 1378 καιομένῳ
832 1323 947 1378 αὐτῷ
993 1321 1194 1375 ἐπήρκεσε
1247 1322 1357 1376 (cap.
1406 1322 1492 1375 91).
1570 1320 1653 1362 huc·

130 1393 314 1441 accedit,
357 1392 472 1449 quod
505 1392 641 1435 etiam
674 1391 785 1434 illud
818 1391 1086 1447 colloquium
1117 1390 1170 1446 (I,
1204 1391 1392 1443 87—00)
1436 1391 1598 1446 partim
1631 1405 1653 1432 e

130 1462 256 1505 fonte
289 1461 505 1518 Delphico
548 1461 754 1503 haustum
796 1461 990 1516 requirit
1023 1460 1278 1503 memoriam
1310 1460 1440 1501 huius
1474 1459 1654 1502 fabulae

130 1531 404 1589 Delphicam,
437 1536 489 1574 ut
520 1532 639 1573 infra
671 1530 932 1573 videbimus.

246 1614 342 1657 Iam
374 1629 482 1657 vero
514 1613 771 1656 Herodotus
813 1612 909 1668 ipse
944 1611 1145 1655 ostendit
1176 1612 1345 1654 fontem
1379 1611 1506 1653 huius
1539 1612 1655 1654 rela-

130 1684 291 1728 tionis:
335 1685 498 1738 λέγεται
545 1684 628 1726 ὑπὸ
661 1684 821 1725 Λυδῶν
856 1682 1011 1735 (1,87).
1073 1696 1154 1738 per
1194 1696 1241 1724 se
1282 1696 1304 1723 e
1346 1683 1473 1723 fonte
1505 1680 1653 1736 Lydio

131 1754 328 1797 hausisse
360 1756 513 1810 potest
544 1751 816 1794 Herodotus.
879 1751 978 1802 sed,
1027 1751 1204 1793 etiamsi
1248 1750 1329 1793 hoc
1372 1750 1468 1792 loco
1512 1753 1654 1793 testes

131 1824 290 1875 affert,
331 1825 480 1865 tamen
522 1821 611 1864 alio
651 1837 704 1864 ex
742 1821 869 1863 fonte
902 1820 1140 1876 sumpsisse
1173 1823 1326 1876 potest
1357 1819 1469 1862 hanc
1498 1833 1654 1862 narra-

130 1893 318 1944 tionem,
364 1898 410 1936 et
451 1891 640 1948 sumpsit
672 1906 719 1933 re
751 1904 859 1933 vera
890 1890 979 1933 alio
1012 1906 1066 1932 ex
1097 1892 1236 1932 fonte.
1298 1889 1380 1932 hoc
1412 1890 1526 1932 enim
1558 1890 1654 1933 1000

130 1963 434 2020 cognoscimus
476 1961 599 2003 illam
631 1960 854 2003 Herodoti
894 1959 1114 2002 rationem
1146 1962 1289 2002 testes
1320 1959 1582 2015 proferendi
1603 1960 1653 2010 ¹):

129 2047 373 2076 sermonem
405 2031 630 2074 hominum
663 2029 865 2087 praefert
906 2030 1142 2072 memoriae
1185 2029 1394 2085 scriptae.
1456 2030 1655 2071 fortasse

130 2101 213 2145 hoc
242 2101 352 2165 loco·
372 2101 466 2158 ipso
498 2115 631 2144 causa
662 2101 884 2143 exstabat.
924 2114 1002 2141 cur
1035 2099 1204 2141 fontem
1238 2097 1486 2154 proximum
1518 2098 1654 2140 nomi-

132 2173 267 2214 naret
307 2170 476 2227 Lydos.
538 2184 638 2213 nam
683 2185 778 2212 cum
823 2168 945 2211 illius
991 2169 1157 2211 aetatis
1202 2167 1532 2218 rationalismo,
1580 2168 1655 2225 qui

131 2240 300 2284 dicitur
329 2239 506 2284 deditus
539 2239 693 2290 fuerit,
738 2239 778 2282 ei
820 2241 948 2281 ortae
990 2252 1085 2281 esse
1117 2240 1306 2294 possunt
1336 2237 1654 2287 dubitationes,

129 2324 236 2353 num
267 2310 381 2353 mira
410 2309 518 2352 haec
549 2309 754 2352 narratio
787 2323 813 2352 a
845 2307 1149 2351 sacerdotibus
1177 2306 1406 2363 Delphicis
1438 2306 1609 2349 tradita
1625 2306 1656 2359 ἵ)

132 2379 195 2422 sit
224 2394 346 2422 vera.
399 2393 487 2436 qua
512 2378 565 2422 de
588 2393 719 2422 causa
741 2378 918 2435 profert
940 2376 1246 2420 testimonium
1266 2375 1513 2432 Lydorum,
1547 2390 1655 2432 quos

133 2448 346 2506 optimam
374 2449 585 2492 notitiam
618 2448 739 2505 regis
771 2448 982 2490 fortunae
1014 2446 1223 2490 habuisse
1256 2446 1448 2502 putavit.

250 2528 417 2573 Cetera
439 2530 584 2573 omnia
607 2529 863 2572 Herodotus
896 2543 920 2571 e
951 2528 1077 2571 fonte
1099 2527 1248 2584 Lydio
1270 2527 1434 2570 hausit.
1468 2525 1656 2568 maxime

258 2671 292 2712 1)
318 2668 419 2704 Diels
438 2669 576 2713 (Herm.
595 2671 655 2715 22)
682 2669 804 2705 docuit
823 2669 916 2704 libro
943 2668 1060 2704 altero
1087 2672 1233 2702 exstare
1260 2667 1368 2703 locos.
1397 2665 1525 2709 quibus
1545 2665 1656 2699 Hero·

135 2727 243 2763 dotus
273 2728 468 2773 Aegyptios
494 2727 601 2763 affert
627 2733 751 2770 testes,
779 2738 995 2772 quamquam
1022 2726 1125 2761 fonte
1151 2736 1236 2761 usus
1255 2730 1309 2759 est
1328 2725 1522 2759 Hecataeo.
1563 2722 1656 2758 idem

136 2785 205 2821 hoc
229 2785 308 2821 1000
334 2786 437 2821 nobis
463 2787 632 2822 occurrit.

255 2847 293 2887 2)
319 2845 365 2880 cf.
392 2846 460 2880 hac
485 2844 530 2880 de
556 2856 596 2881 re
621 2847 729 2881 etiam
756 2855 836 2890 pag.
869 2846 931 2886 19;
957 2847 1013 2879 45.

1351 2901 1378 2942 2
