2009 3201
950 179 1239 220 —46—

338 300 436 356 rogi
470 299 569 351 situ,
605 298 657 338 de
690 296 848 337 Croeso
882 297 927 336 et
958 292 1113 348 Lydis,
1150 293 1202 335 de
1236 293 1356 349 Cyro
1390 295 1435 335 et
1466 293 1614 335 Persis
1647 296 1852 336 accurate

337 371 565 411 narratum
600 380 691 407 esse
731 365 817 406 iam
859 377 991 419 supra
1023 362 1319 417 cognovimus.
1382 361 1539 404 deinde
1573 362 1724 404 Croesi
1754 372 1852 419 pre-

339 439 457 479 cibus
501 437 740 477 commotus
774 433 920 488 Cyrus
963 432 1103 472 filium
1143 431 1265 473 illius
1306 433 1477 474 mutum
1517 431 1676 474 adduci
1707 431 1850 474 iussit.

338 506 411 562 11111
444 520 512 547 res
544 504 686 560 patris
718 502 926 544 adversas
958 500 1112 543 videns
1146 502 1327 542 sanatus
1360 504 1447 553 est,
1494 515 1580 557 qua
1622 517 1669 543 re
1701 500 1852 544 evenit

336 574 449 617 illud
493 573 716 615 oraculum
739 572 778 626 ¹).
855 571 1028 612 interea
1074 571 1219 612 vestes
1273 569 1504 625 Lydorum
1550 572 1853 612 matronarum

337 644 558 701 pretiosae
591 641 647 683 ad
678 656 831 695 rogum
864 639 1031 680 allatae
1064 640 1178 679 sunt.
1233 638 1418 680 Croesus
1450 641 1686 695 postquam
1712 638 1853 680 filium

339 717 383 755 et
400 712 552 767 Lydos
572 711 906 752 circumstantes
925 707 1206 749 deosculatus
1234 710 1313 759 est,
1344 708 1390 749 in
1411 723 1567 763 rogum
1584 707 1850 750 conscendit.

339 786 432 824 tum
474 780 663 835 Sibylla,
710 781 762 820 ut
805 793 831 819 a
874 777 1037 819 scelere
1081 776 1362 829 desisterent,
1407 776 1566 819 Persas
1610 776 1850 819 admonuit.

338 851 500 892 Persae
532 852 681 891 autem
704 847 907 903 Sibyllae
939 848 1179 902 praecepta
1200 846 1489 901 neglegentes
1520 861 1677 902 rogum
1706 847 1852 888 incen-

338 920 510 961 derunt.
572 921 667 959 tum
711 917 896 959 Croesus
942 915 1199 972 imploravit
1239 915 1464 972 Apollinis
1508 915 1732 969 auxilium,
1778 915 1855 971 qui

338 989 468 1030 imbri
511 987 683 1043 ingenti
726 986 824 1041 rogi
868 986 1014 1041 ignem
1067 984 1297 1026 exstinxit.
1370 985 1557 1039 Persae⁴
1579 987 1725 1027 autem
1771 983 1854 1026 hoc

338 1057 549 1099 miraculo
598 1055 777 1097 adducti
823 1054 1074 1110 praeceptis
1121 1054 1371 1096 Zoroastris
1415 1053 1572 1096 exinde
1612 1053 1854 1109 diligenter

339 1128 593 1183 paruerunt.

454 1196 582 1237 Nunc
604 1193 778 1236 Xanthi
799 1193 1103 1235 narrationem
1124 1193 1264 1250 ipsam
1287 1193 1419 1249 paulo
1452 1192 1702 1235 accuratius
1735 1207 1853 1249 spec-

338 1268 495 1307 temus.

454 1333 613 1375 Adhuc
635 1332 812 1374 Nicolai
833 1331 1084 1373 narrationi
1104 1332 1279 1374 tributa
1303 1334 1370 1374 est
1391 1331 1571 1373 minima
1592 1330 1852 1383 auctoritas,

338 1403 455 1459 quod
476 1404 716 1458 putaretur
736 1416 911 1443 necesse
935 1416 1027 1443 esse
1048 1401 1282 1443 Nicolaum
1303 1404 1588 1443 narraturum
1611 1415 1703 1443 esse
1725 1414 1854 1443 veras

338 1475 515 1514 tantum
556 1486 635 1524 res„
681 1471 716 1512 si
755 1473 874 1513 teste
913 1485 1019 1513 usus
1053 1472 1168 1513 esset
1199 1470 1394 1513 Xantho.
1457 1484 1569 1527 quae
1601 1470 1856 1512 coniectura

341 1544 408 1583 est
436 1542 563 1583 falsa.
625 1540 833 1582 Xanthus
866 1539 1017 1582 eadem
1058 1542 1210 1582 aetate
1240 1540 1402 1582 florens
1435 1542 1569 1596 atque
1599 1538 1855 1581 Herodotus

342 1611 434 1652 sine
477 1611 607 1652 dubio
653 1609 803 1652 eodem
846 1609 987 1662 modo,
1032 1609 1225 1651 fortasse
1266 1609 1401 1652 etiam
1440 1609 1581 1665 magis
1614 1623 1745 1666 quam
1777 1608 1855 1650 ille

339 1680 505 1737 pendet
546 1695 571 1721 a
604 1680 794 1721 fabellis,
847 1681 1004 1721 auctor
1036 1679 1179 1735 igitur
1210 1679 1385 1734 Lydius
1417 1694 1505 1724 non
1535 1679 1692 1721 melius
1725 1692 1856 1735 quam

341 1750 535 1792 Graecus
569 1749 800 1804 explorare
830 1749 982 1804 potuit
1012 1763 1082 1790 res
1114 1762 1254 1790 veras.
1314 1749 1421 1804 quin
1453 1748 1588 1790 etiam
1619 1763 1673 1789 ne
1705 1761 1857 1803 parem

340 1819 514 1874 quidem
555 1833 673 1873 spem
715 1818 819 1859 fidei
862 1818 908 1859 in
952 1817 1134 1859 Xantho
1174 1832 1337 1873 ponere
1376 1832 1603 1873 possumus
1644 1818 1780 1872 atque
1810 1815 1857 1857 in

339 1888 579 1930 Herodoto.
632 1903 733 1930 nam
753 1887 1031 1930 Herodotum
1061 1886 1254 1943 undique
1276 1887 1474 1929 videmus
1497 1886 1720 1929 studuisse
1741 1885 1856 1929 veri-

340 1960 481 2000 tatem
513 1958 765 2013 comperire.
829 1972 915 2013 qua
959 1956 1012 1998 de
1053 1970 1185 1998 causa
1225 1971 1387 2012 magna
1426 1956 1507 1998 illa
1537 1956 1702 1998 itinera
1732 1954 1854 1997 fecit.

342 2027 430 2069 alia
462 2027 641 2070 videtur
672 2027 808 2069 fuisse
846 2026 963 2069 ratio
996 2025 1182 2069 Xanthi.
1244 2026 1386 2068 refert
1427 2025 1746 2085 omnia-quae
1786 2039 1855 2066 co-

341 2097 499 2152 gnovit
531 2096 583 2139 de
624 2097 773 2153 patria
806 2112 895 2149 sua,
939 2097 1153 2139 miracula
1192 2098 1237 2138 et
1268 2110 1336 2138 res
1368 2110 1523 2150 regum
1561 2096 1725 2150 gestas,
1769 2108 1858 2135 non

342 2180 575 2221 quaerens‚
624 2181 708 2221 quo
754 2181 806 2208 ex
850 2166 975 2207 fonte
1017 2165 1125 2208 haec
1163 2165 1388 2206 fluxerint.
1459 2179 1672 2205 summum
1713 2163 1858 2205 locum

344 2235 586 2276 obtinuisse
616 2235 697 2277 hoc
729 2235 775 2276 in
805 2250 935 2291 opere
957 2234 1145 2277 fabellas
1177 2249 1265 2275 non
1295 2234 1453 2275 mirum
1485 2235 1565 2286 est7
1599 2247 1695 2274 cum
1724 2231 1857 2273 huius

343 2303 516 2359 generis
548 2304 826 2346 narrationes
858 2304 1046 2346 maxime
1085 2306 1182 2345 tum
1211 2304 1522 2359 probarentur.
1583 2316 1672 2343 una
1704 2316 1757 2343 ex
1787 2300 1857 2342 his

343 2372 542 2428 putanda
574 2376 641 2414 est
674 2374 808 2415 etiam
838 2373 945 2416 haec
968 2373 1142 2416 Xanthi
1174 2372 1227 2415 de
1249 2372 1401 2415 Croesi
1428 2372 1612 2413 fortuna
1642 2369 1857 2413 narratio.

459 2443 648 2484 Maxime
689 2443 876 2485 interest
919 2443 1032 2485 hanc
1074 2443 1192 2499 apud
1223 2441 1455 2484 Xanthum
1493 2441 1706 2483 fabellam
1745 2454 1857 2482 com-

345 2526 503 2567 parare
535 2526 630 2553 011111
661 2512 751 2564 issa,
786 2527 915 2567 quam
947 2512 1065 2568 apud
1089 2511 1365 2554 Herodotum
1397 2510 1693 2567 cognovimus.
1746 2522 1859 2565 quae

467 2631 499 2667 i)
527 2628 624 2662 Ilaec
658 2638 742 2671 pars
775 2629 965 2664 rhetoricis
1002 2629 1222 2664 ornamentis
1249 2629 1474 2672 potissimum
1501 2637 1523 2661 a
1548 2627 1698 2661 Nicolao
1724 2628 1859 2659 retrac-

346 2690 423 2719 tata
451 2690 524 2729 est3
551 2686 614 2720 sed
640 2698 710 2721 non
737 2698 883 2721 necesse
910 2698 988 2722 esse
1014 2689 1107 2722 hanc
1134 2688 1320 2722 historiam
1348 2698 1391 2721 ex
1417 2685 1602 2720 Herodoto
1629 2685 1797 2718 haustam
1823 2685 1860 2716 et

347 2756 367 2777 :i
394 2745 542 2778 Nicolao
569 2750 822 2780 ‹·01nmutata1n
849 2757 926 2781 esse
954 2747 1007 2780 vel
1035 2758 1077 2781 ex
1105 2757 1145 2781 eo
1173 2747 1412 2790 cognoscitur,
1441 2744 1536 2788 quod
1562 2744 1669 2779 etiam
1696 2742 1790 2777 aliae
1816 2740 1860 2775 de

348 2803 410 2835 {ilii
437 2804 523 2835 muti
550 2803 697 2838 fortuna
722 2805 896 2839 historiae
923 2806 1151 2848 exstiterunt,
1179 2816 1328 2849 quarum
1354 2815 1425 2838 una
1452 2803 1548 2848 apud
1576 2801 1731 2837 Ctesiam
1755 2799 1859 2835 nobis

350 2861 513 2903 proditur
540 2862 601 2898 (vs.
631 2874 709 2905 pag.
738 2866 875 2906 28811),
