1915 3190
800 145 1080 186 ...57—

304 260 431 303 Nunc
476 265 754 302 transeamus
801 258 857 300 nd
906 259 1120 301 rationein
1177 258 1536 310 examinandam,
1596 274 1708 314 quae

188 328 428 372 intercedit
460 329 578 371 inter
610 327 839 370 Xanthum
873 335 919 370 et
955 327 1239 369 Herodotum.

306 396 672 440 Proflcisveuduiu
706 403 769 438 est
806 398 861 439 uh
897 397 972 439 illo
1005 396 1121 453 apud
1148 397 1426 438 Athenai-uin
1453 397 1708 438 t‹·›-·ti11101110

187 466 356 524 Ephori
389 467 474 509 ium
508 482 641 523 supra
672 466 812 509 allato
845 476 872 521 μ
898 500 904 508 .
931 500 938 508 .
964 469 1177 522 Ἡροδότῳ
1221 469 1294 514 ni,-
1338 466 1535 519 ιὶᾳορμιίς
1576 468 1709 508 ὸεὸω-

186 537 340 591 κότος).
393 536 515 578 cuius
549 536 677 578 tidem
702 536 982 592 impugnavit
1006 535 1342 577 (ints-climidius
1365 536 1394 587 ¹)
1426 535 1573 577 ‹lim-ns
1597 535 1709 578 hun(-

186 605 330 650 locum
372 606 458 648 inin
501 612 685 663 propter
728 605 838 648 illud
871 606 1129 648 Artemonis
1170 605 1335 647 dictum
1382 621 1466 647 non
1508 623 1600 645 ess«-
1645 605 1710 646 ‹li-

187 691 323 732 gnum
358 675 450 717 ulla
482 676 768 718 auctoritate.
820 675 894 717 sed
917 674 1357 717 Seidenstuerkerius
1378 677 1409 722 ²)
1442 674 1709 716 sententium

188 743 486 787 Gutsehmidii
522 747 723 787 refutans
757 746 944 801 probare
977 744 1150 785 studuit
1184 743 1588 786 11‹›ct‹·sti1n‹›11ium
1614 758 1710 800 per·

186 814 375 857 multum
410 815 571 857 valere.
625 814 700 856 sed
723 818 828 856 utut
861 814 966 856 haec
1000 830 1067 855 res
1101 830 1145 854 se
1179 813 1325 857 hahet.
1362 813 1527 869 Ephori
1562 814 1710 870 opinio

187 887 283 926 tum
317 884 456 926 solum
488 884 613 926 nubis
647 883 912 940 persuadere
945 887 1109 940 potest,
1153 883 1186 924 si
1230 885 1543 939 comprobatur
1575 883 1710 925 etiam

189 954 318 996 rebus
352 954 585 996 memoriae
618 953 814 995 traditis.
876 968 963 1009 qua
995 952 1048 994 dc
1080 967 1213 995 causa
1245 952 1369 994 nobis
1406 952 1709 1008 perlustrandi

189 1028 293 1065 sunt
326 1022 491 1079 singuli
524 1023 606 1065 loci
639 1038 665 1065 a
697 1022 804 1064 viris
837 1022 980 1064 doctis
1013 1022 1216 1064 tractati.

305 1092 391 1134 Sed
413 1097 546 1134 antea
577 1091 864 1147 cogitandum
897 1096 977 1142 est,
1011 1090 1118 1148 quid
1150 1091 1209 1133 sit
1242 1095 1375 1147 caput
1409 1091 1549 1133 totius
1582 1090 1710 1132 huius

188 1163 476 1220 quaestionis
538 1178 633 1205 meo
675 1162 849 1219 quidem
893 1162 1054 1204 iudicio
1099 1167 1169 1204 est
1208 1161 1312 1203 hoe:
1355 1162 1496 1203 multo
1529 1161 1711 1215 gravius

189 1236 258 1275 est
290 1231 405 1284 illas,
450 1247 562 1288 quae
605 1237 804 1282 exstant,
847 1231 1135 1274 diversitates
1177 1231 1390 1287 explicari
1424 1230 1494 1273 vel
1527 1230 1709 1272 dissolvi

188 1316 319 1358 quam
363 1301 609 1358 praedicari
654 1317 726 1345 ea.
785 1301 828 1343 in
871 1301 1029 1357 quibus
1072 1305 1261 1357 uterque
1304 1304 1461 1343 auctor
1504 1300 1623 1342 inter
1667 1315 1712 1343 se

189 1371 412 1413 consentit
433 1370 476 1423 ³).
539 1387 683 1413 nonne
716 1374 784 1413 est
816 1375 1160 1413 consentaneum
1193 1370 1301 1412 duos
1342 1370 1594 1426 scriptores,
1637 1369 1712 1426 qui

189 1439 341 1483 eodem
373 1439 426 1483 de
457 1440 620 1496 populo
654 1444 699 1482 et
731 1439 885 1482 iisdem
918 1439 971 1482 de
1003 1441 1132 1482 rebus
1165 1442 1380 1491 referunt,
1423 1439 1585 1481 similia
1625 1454 1712 1481 me-

185 1510 351 1552 mmiae
374 1509 566 1562 tlade1e,
601 1510 775 1553 etiamsi
803 1509 920 1551 alter
942 1508 1086 1551 altero
1108 1524 1196 1551 non
1220 1509 1280 1551 sit
1302 1524 1427 1551 usus.
1417 1510 1436 1536 ²
1480 1509 1515 1550 si
1539 1507 1711 1550 Xanthi

187 1577 378 1621 historia
408 1579 534 1621 nobis
566 1578 739 1621 tiadita
773 1583 903 1632 esset,
946 1594 968 1621 e
1000 1578 1318 1635 compositione
1350 1578 1507 1620 liceret
1539 1577 1712 1620 conclu-

189 1647 305 1699 dere,
337 1652 487 1690 utrum
520 1647 777 1691 Herodotus
810 1651 988 1690 secutus
1020 1651 1139 1690 esset
1170 1647 1402 1690 Xanthum
1434 1662 1582 1690 necne.
1645 1648 1713 1689 sin

189 1720 339 1760 autem
370 1718 415 1760 in
447 1733 593 1760 rerum
626 1718 944 1774 compositione
976 1721 1165 1774 uterque
1197 1721 1354 1759 auctor
1385 1717 1505 1759 inter
1536 1732 1580 1759 se
1613 1732 1712 1759 con-

189 1787 402 1839 sentiret,
445 1790 541 1829 tum
580 1786 830 1844 ponendum
871 1791 987 1829 esset
1019 1786 1213 1829 alterum
1243 1787 1298 1828 ab
1331 1786 1475 1828 altero
1507 1785 1711 1842 pendere.

189 1871 304 1899 nunc
327 1871 495 1899 summa
516 1856 757 1913 prudentia
778 1872 886 1913 opus
919 1860 987 1898 est
1020 1856 1065 1898 in
1097 1856 1314 1898 similibus
1336 1855 1455 1912 apud
1476 1859 1713 1912 utrumque

190 1928 417 1969 auctorem
440 1925 547 1968 locis
568 1925 827 1968 iudicandis.
861 1951 915 1956 —
948 1928 1065 1978 sunt,
1088 1925 1163 1982 qui
1185 1927 1349 1982 putent
1371 1929 1515 1967 totam
1536 1924 1713 1980 Lydiae

189 1994 425 2038 historiam
465 1995 766 2039 Herodoteam
809 1994 1088 2038 referendam
1135 2010 1228 2037 esse
1275 1994 1332 2037 ad
1376 1994 1538 2037 librum
1572 2019 1624 2025 —
1657 1993 1714 2037 ad

190 2064 422 2108 Xanthum
452 2064 645 2121 Lydum.
699 2065 825 2122 quasi
849 2080 953 2107 vero
987 2079 1134 2108 omnes
1165 2064 1447 2107 narrationes
1477 2063 1530 2107 de
1551 2063 1713 2119 Lydiis

190 2135 321 2177 rebus
343 2133 545 2192 prolatas
567 2134 793 2177 debuisset
812 2134 1067 2177 Herodotus
1084 2134 1219 2176 libro!
1254 2148 1390 2190 quare
1412 2133 1714 2190 quaerendum

195 2252 323 2295 1869„
350 2250 563 2285 Gutscbmid
589 2251 654 2297 (kl.
684 2250 784 2285 Schr.
813 2251 993 2294 1v,310›;
1021 2251 1178 2286 Pomtow
1206 2250 1266 2291 (de
1293 2251 1438 2285 Xantho
1465 2256 1501 2285 et
1527 2249 1713 2284 Herodoto

191 2319 312 2343 rerum
350 2307 545 2355 Lydiarunn
584 2310 834 2354 scriptoribus.
901 2311 994 2345 Diss.
1035 2311 1128 2344 Hali.
1173 2312 1262 2344 13³6
1300 2321 1333 2354 p.
1369 2310 1540 2354 205qq.);
1588 2309 1715 2343 Busolt

193 2366 271 2411 (Gr.
306 2367 434 2403 Gesch.
472 2369 656 2412 11²,451);
694 2369 933 2404 Warhsmuth
970 2369 1133 2408 (Einleit.
1168 2370 1203 2403 in
1239 2368 1272 2403 d.
1306 2368 1407 2404 stud.
1435 2368 1467 2403 d.
1495 2369 1556 2403 alt.
1585 2368 1713 2403 Gesch.

189 2436 228 2472 p.
257 2429 322 2462 107
348 2426 431 2462 adn.
458 2432 494 2463 et
519 2430 615 2473 463).

314 2487 349 2531 1)
375 2486 598 2528 Gutschmid,
625 2487 673 2521 kl.
700 2487 800 2522 Schr.
828 2487 889 2531 lv,
917 2489 995 2522 311.

312 2547 349 2590 2)
376 2544 695 2589 Seidenstuecker,
734 2545 778 2581 de
813 2546 960 2580 Xantho
989 2545 1088 2590 Lydo
1124 2557 1243 2580 rerum
1276 2546 1454 2589 scriptore
1481 2545 1713 2588 quaestiones

193 2603 360 2639 selectae.
413 2604 506 2639 Diss.
535 2603 625 2639 Kiel.
656 2607 758 2639 1895.
799 2616 879 2649 pag.
908 2607 952 2639 45
964 2616 1041 2649 sqq.

314 2663 351 2706 3)
379 2662 534 2707 Propter
567 2663 659 2698 hanc
695 2663 971 2708 argumentandi
1006 2664 1184 2698 rationem
1213 2664 1394 2707 vituperat
1420 2662 1501 2697 Heil
1536 2663 1713 2707 (logogra-

194 2721 289 2767 phis,
327 2721 389 2765 qui
423 2720 592 2756 dicuntur
625 2732 709 2756 num
744 2721 950 2756 Herodotus
995 2733 1081 2757 usus
1124 2732 1202 2757 esse
1238 2720 1413 2756 videatur.
1467 2721 1560 2755 Diss.
1595 2721 1712 2756 Marb.

197 2782 304 2824 1887)
342 2790 424 2824 pag.
450 2781 494 2815 32
530 2789 595 2814 suo
629 2779 709 2815 iure
743 2780 1044 2815 Hachtmannum.
1102 2780 1165 2815 sed
1201 2781 1309 2815 etiam
1345 2781 1502 2814 Pomtow
1537 2780 1715 2815 commisit

189 2839 288 2874 hunc
314 2849 485 2874 errorem.
