1915 3190
744 136 1029 177 „25—

124 268 388 313 quamquam
421 250 636 296 eiusmodi
677 251 1007 304 narrationem,
1052 264 1181 307 quam
1224 248 1417 292 tradidit
1451 247 1651 302 Bacchy-

125 323 252 376 lides,
284 323 483 380 recipere
517 322 590 365 vix
625 321 774 378 potuit
799 320 1064 363 Herodotus.
1118 334 1229 376 quae
1254 319 1384 376 plane
1414 318 1651 361 abhorruit

125 395 181 437 ab
203 393 296 436 eius
318 392 372 436 de
392 391 702 448 Hyperboreis
727 391 951 434 sententia
972 391 1012 444 ¹).
1062 390 1262 447 equidem
1287 389 1486 445 suspicor
1509 388 1651 431 Hero-

125 462 278 506 dotum
310 477 397 505 non
429 461 607 505 novisse
639 460 762 503 illam
795 460 1051 512 historiam,
1097 475 1183 516 qua
1217 461 1429 501 narratur
1463 458 1650 500 Croesus

125 547 170 576 se
193 532 335 590 ipsum
357 533 617 575 comburere
641 531 848 573 voluisse.
902 530 995 573 sine
1018 529 1150 572 dubio
1184 529 1296 572 hanc
1321 529 1651 585 praeposuisset

124 602 227 655 iuis,
261 616 374 660 quae
395 602 519 657 Cyro
543 602 751 643 tribuunt
774 616 911 655 grave
935 599 1046 643 illud
1068 599 1254 643 facinus.
1308 613 1408 641 nam
1432 597 1650 640 Herodoti

123 671 408 716 narrationes
441 671 572 728 plane
605 671 859 727 discrepant
882 686 907 712 a
933 671 1062 712 rebus
1087 669 1231 712 veris:
1269 668 1523 710 Herodotus
1557 667 1651 724 ipse

123 741 327 799 depinxit
371 741 568 798 alioquin
611 740 742 797 longe
783 740 915 783 aliam
954 740 1148 793 effigiem
1191 738 1325 793 Cyri,
1372 738 1445 795 qui
1491 752 1653 793 magna

125 810 363 856 clementia
410 812 625 854 utebatur
673 811 715 853 in
763 825 890 866 reges
941 810 1199 861 subactos&
1253 811 1299 850 et
1347 808 1391 850 in
1438 808 1651 850 Croesum

124 882 269 940 ipsum
288 881 333 935 ⁸).
396 884 635 938 praeterea
679 880 824 935 ignem
872 879 941 921 dei
990 879 1134 921 instar
1177 878 1426 921 adorabant
1472 878 1650 921 Persae.

126 966 234 1010 quas
267 951 561 994 difficultates
595 949 730 993 ctiam
754 948 1010 992 Herodotus
1043 947 1284 990 intellexit.
1345 962 1447 989 nam
1480 947 1651 989 facinus

126 1021 240 1077 Cyri
272 1035 482 1064 excusare
524 1019 701 1063 studuit
742 1018 1091 1062 ratiocinatione
1136 1017 1248 1060 satis
1290 1020 1499 1059 contorta
1517 1017 1563 1071 ⁴).
1598 1041 1651 1045 ——

125 1092 284 1148 quibus
318 1106 370 1134 ex
404 1091 532 1133 rebus
554 1089 757 1133 concludi
780 1104 908 1146 posse
932 1091 1040 1146 puto
1063 1087 1342 1131 Herodotum
1365 1101 1453 1129 non
1472 1086 1651 1130 novisse

125 1160 473 1217 Bacchylideam
507 1159 717 1203 fabulam.

241 1243 422 1287 Restat,
455 1249 507 1285 ut
539 1242 641 1284 illos
675 1246 767 1284 tres
800 1242 961 1293 fontes,
995 1255 1104 1297 quos
1137 1239 1420 1282 distinximus
1444 1239 1488 1281 in
1509 1238 1652 1282 Hero-

126 1313 224 1356 doti
254 1312 519 1356 narratione
551 1315 598 1355 et
631 1310 987 1366 segregavimus,
1030 1309 1282 1352 accuratius
1313 1308 1654 1351 consideremus.

246 1394 333 1438 Vel
372 1409 425 1438 ex
456 1394 525 1436 his
560 1394 706 1436 tribus
739 1392 1073 1436 narrationibus
1105 1395 1317 1448 apparet,
1362 1395 1577 1448 quantum
1610 1390 1654 1432 in

126 1464 306 1508 fabellis
327 1464 524 1507 valuerit
546 1477 734 1520 persona
752 1463 918 1506 Croesi.
964 1465 1085 1504 certe
1107 1477 1195 1504 non
1217 1476 1417 1504 erramus
1436 1462 1652 1517 ponentes

126 1534 267 1578 multo
311 1534 543 1583 maiorem,
590 1547 721 1590 quam
762 1547 842 1575 nos
875 1532 1077 1574 novimus
1109 1531 1365 1574 fabularum
1398 1531 1568 1586 copiam
1601 1529 1654 1572 de

127 1604 284 1649 Croesi
327 1603 515 1647 fortuna
558 1603 791 1659 vulgatam
834 1602 984 1645 fuisse.
1048 1601 1153 1658 quid
1198 1601 1432 1643 miramur!
1487 1599 1654 1643 Croeso

127 1673 429 1730 potentiorem
461 1687 612 1729 regem
644 1687 734 1715 non
765 1674 1075 1727 cognoverunt
1104 1671 1269 1713 Graeci
1301 1672 1430 1712 sexto
1462 1667 1654 1711 saeculo.

128 1743 335 1800 ingentes
359 1743 547 1785 divitiae
579 1743 634 1785 ab
657 1741 857 1784 omnibus
879 1741 1236 1784 celebrabantur.
1288 1739 1515 1796 pretiosae
1549 1752 1654 1795 opes

129 1827 155 1857 a
177 1812 343 1856 Croeso
367 1812 644 1869 potissimum
668 1811 871 1868 Apollini
889 1810 1104 1867 Delphico
1127 1810 1361 1853 dedicatae
1383 1808 1654 1865 permultum

129 1884 422 1926 conferebant
464 1881 520 1925 ad
563 1895 774 1924 summam
818 1880 937 1937 apud
978 1880 1176 1923 Graecos
1216 1879 1405 1922 laudem.
1467 1878 1538 1921 hic
1577 1893 1655 1920 rex

129 1952 250 1996 intra
280 1967 444 2010 paucos
477 1951 571 1994 dies
604 1951 812 2007 delapsus
845 1953 944 1993 erat
976 1965 1001 1991 a
1024 1964 1191 1993 summo
1214 1949 1444 2005 potentiae
1466 1947 1655 2004 fastigio

129 2022 188 2066 ad
218 2022 487 2066 servitutem
518 2021 837 2072 tristissimam,
880 2019 1026 2062 victus
1059 2033 1086 2062 a
1117 2033 1222 2075 rege
1253 2017 1395 2060 adhuc
1427 2018 1501 2060 vix
1532 2021 1655 2059 noto.

129 2106 243 2150 quae
275 2091 422 2135 onmia
452 2090 688 2133 maximam
720 2090 809 2132 vim
841 2089 1046 2132 habuisse
1082 2088 1138 2130 ad
1169 2087 1444 2131 Graecorum
1477 2090 1524 2130 et
1554 2088 1656 2129 bar-

130 2163 342 2206 barorum
364 2160 533 2204 animos
556 2158 892 2202 commovendos
911 2160 1256 2202 consentaneum
1279 2160 1361 2209 est,
1385 2155 1656 2213 praesertim

254 2297 289 2338 l)
316 2293 362 2329 cf.
388 2294 474 2329 Her.
493 2295 541 2328 IV
560 2297 624 2329 32:
646 2291 907 2340 “Τπερβορέων
934 2291 974 2327 δὲ
1001 2290 1084 2335 πέρι
1111 2291 1328 2333 ἀνθρώπων
1347 2290 1429 2325 οὔτε
1449 2303 1483 2324 τι
1503 2289 1657 2324 Σκύθαι

131 2355 274 2398 λέγουσι
309 2353 392 2388 οὔτε
429 2352 526 2393 τινὲς
558 2353 660 2388 ἄλλοι
696 2359 769 2388 τῶν
801 2352 917 2398 ταύτῃ
945 2349 1164 2396 οἰκημένων,
1200 2349 1234 2384 εἰ
1265 2350 1314 2394 μὴ
1342 2349 1415 2392 ἄρα
1438 2347 1656 2392 Ἰσσηδόνες.

131 2413 180 2453 ὡς
205 2414 238 2448 δ’
266 2409 335 2457 ἐγὼ
362 2411 492 2456 δοκέω,
518 2413 598 2447 οὐδ’
625 2410 729 2448 οὗτοι
755 2415 898 2456 λέγουσι
925 2409 1048 2445 οὐδέν,
1085 2409 1211 2454 ἔλεγον
1234 2409 1304 2453 γὰρ
1331 2407 1380 2443 ἂν
1407 2408 1469 2442 καὶ
1491 2407 1657 2450 Σκύθαι,

131 2472 181 2512 ὡς
211 2472 297 2516 περὶ
333 2478 406 2507 τῶν
440 2471 749 2517 μουνοφθάλμων
782 2470 938 2516 λέγουσι.
990 2480 1136 2505 causam
1175 2468 1353 2504 Herodoti
1390 2467 1657 2502 dubitationum

131 2532 370 2576 comperimus
397 2543 441 2567 ex
467 2542 546 2576 cap.
573 2532 633 2575 IV,
653 2534 717 2567 36:
745 2530 779 2566 εἰ
804 2529 847 2565 δέ
871 2529 941 2565 εἰσι
971 2527 1193 2575 ὑπερβόρεοί
1218 2527 1551 2569 τιι·ες·ἱὲινθρω.-τοι,
1588 2523 1657 2559 εἰσὶ

133 2590 198 2625 καὶ
222 2589 437 2634 ὑπερνότιοι
463 2590 577 2626 ἄλλοι.
613 2593 704 2635 γελῶ
731 2589 772 2625 δὲ
799 2589 914 2633 ὁρέων
940 2593 1006 2633 γῆς
1030 2587 1230 2631 περιόδους
1256 2587 1476 2631 γράψαντας
1501 2584 1658 2623 πολλοὺς

135 2648 204 2694 ἤδη
231 2649 297 2684 καὶ
322 2647 460 2684 οὐδένα
487 2648 737 2694 νοονεχόντως
763 2646 1049 2693 ἐξηγησάμενον.

252 2711 290 2747 2)
316 2708 361 2743 cf.
389 2708 528 2752 Busolt,
553 2709 615 2752 11²,
642 2711 722 2743 504.

253 2769 290 2813 3)
317 2767 363 2803 cf.
392 2768 477 2803 Her.
506 2768 532 2810 1,
558 2769 602 2802 87
616 2778 669 2812 sq.
696 2767 860 2810 aliosque
887 2766 997 2801 locos.

252 2828 291 2878 4)
316 2826 363 2862 cf.
391 2827 476 2862 Her.
492 2827 518 2870 1,
532 2829 598 2862 8⁴5:
634 2823 674 2860 ἐν
700 2824 772 2872 νόῳ
799 2823 893 2870 ἔχων
921 2853 927 2860 .
949 2853 955 2859 .
976 2853 1005 2868 .,
1043 2835 1134 2868 quae
1170 2824 1280 2858 verba
1307 2822 1494 2858 attulimus
1521 2831 1601 2866 pag.
1621 2822 1656 2856 9.
