1915 3190
734 137 1020 176 —35—

120 256 278 298 futura
321 253 381 296 sit
421 252 557 308 stirps
601 250 758 294 virilis.
822 258 870 293 ut
911 252 1195 308 qiuwstiones
1231 252 1349 294 inter
1381 268 1424 294 se
1456 251 1642 295 distant.

121 322 186 365 ita
219 322 352 365 etiam
385 320 455 364 dei
489 335 715 378 responsa.
750 347 803 351 -
837 335 1099 377 quamquam
1135 321 1240 363 haee
1272 322 1473 378 quaestio
1497 322 1643 364 Xeno-

121 391 314 449 phontea
346 390 561 434 abhorret
592 391 645 432 ab
679 390 947 442 Herodotea,
996 396 1142 432 tamen
1177 391 1400 433 artissime
1434 391 1644 434 cohaeret

119 475 216 503 cum
259 459 439 503 oraculo
484 460 538 502 ab
571 459 677 502 Her.
713 460 822 504 1,δῦ
863 460 916 502 de
959 465 1080 502 muto
1126 460 1214 502 tilio
1257 461 1428 503 tradito
1470 467 1515 504 et
1547 477 1643 503 eum

120 528 200 573 illa
231 529 284 572 de
315 530 434 584 Atye
467 532 514 571 et
546 529 747 572 Adrasto
780 529 1039 573 narratione
1076 529 1344 572 Herodotva.

235 599 392 642 Tertia
432 599 735 654 interrogatio
776 603 847 642 est
886 599 1003 655 apud
1037 598 1316 642 Herodotum
1353 599 1384 651 1,
1408 602 1483 641 55:
1533 600 1618 642 ἐπει

120 670 236 723 ρώτιι
268 667 314 711 δὲ
349 670 444 711 τιὶὸιι
489 672 923 723 zoilorilpcugonerog,
973 671 1014 711 εἴ
1054 671 1098 710 υῐ
1139 673 1427 724 πολυχρόνιος
1466 669 1582 711 i-'orm
1623 672 1644 723 ι’]

117 741 376 794 μουναρχίη.
441 738 687 794 Xenophon
720 744 868 781 autem
902 737 1023 781 illam
1059 739 1136 780 boc
1170 739 1296 780 modo
1331 739 1505 795 prodit:
1548 739 1642 780 ἐπι-

118 816 241 863 ρωτώ
274 810 349 850 τὸν
381 810 488 850 θεὸν
520 812 564 850 τί
592 809 647 850 ι’ὶιν
679 817 817 851 ποιῶν
850 811 924 850 τὸν
956 811 1114 850 λυιπὺν
1143 812 1242 862 βίον
1275 809 1644 863 ω’*ὸιειμυνὲστατα

119 877 424 931 murel-imunt.
475 892 739 934 quamquam
762 878 917 920 Croesi
952 878 1332 933 interrogationes
1366 880 1420 921 ab
1455 885 1643 935 utroque

119 951 301 991 auctore
334 948 503 991 relatae
532 948 727 990 fortasse
752 948 868 990 inter
890 962 936 991 se
959 948 1167 1003 coniungi
1192 951 1377 1003 possunt
1415 975 1459 978 —
1496 948 1645 991 altera

119 1017 314 1074 pertinet
349 1017 404 1060 ad
436 1032 620 1073 regnum
652 1019 865 1070 futurum,
905 1017 1050 1060 altera
1081 1017 1137 1060 ad
1172 1017 1311 1060 vitam
1344 1019 1542 1061 futuram
1575 1044 1644 1070 —‚

119 1091 268 1130 tamen
290 1087 359 1130 dei
383 1102 594 1144 responsa
618 1087 902 1131 vehementer
925 1088 1044 1131 inter
1068 1104 1114 1130 se
1137 1087 1376 1130 differunt:
1410 1088 1643 1131 Herodoto

118 1160 238 1200 teste
277 1156 447 1212 Pythia
486 1161 636 1200 monet
677 1158 910 1210 Croesum,
958 1161 1008 1200 ut
1050 1160 1211 1200 caveat
1251 1157 1416 1199 mulum
1461 1173 1644 1213 regnum

117 1225 359 1270 Persarum
399 1226 686 1283 adepturum,
735 1227 802 1270 his
844 1228 994 1270 verbis
1035 1227 1290 1284 significans
1332 1228 1522 1283 Cyrum,
1569 1228 1645 1284 qui

119 1295 235 1338 filius
268 1295 357 1338 fuit
387 1299 549 1351 μητρὸς
581 1297 826 1351 ἀμείμοιύς,
859 1299 1020 1351 πατρὸς
1054 1296 1098 1338 ὁὲ
1136 1298 1450 1350 ὑποδεεστέρου
1481 1297 1532 1349 (Ι,
1557 1298 1642 1350 91).

120 1365 358 1408 secundum
406 1365 747 1423 Xenophontem
802 1370 952 1410 autem
1000 1366 1168 1422 Pythia
1226 1367 1334 1410 fecit
1382 1366 1461 1409 illa
1509 1367 1646 1410 verba

120 1434 363 1491 sapientia:

290 1507 467 1547 Σαυτὺν
499 1507 750 1561 γιγνώσκων
783 1508 1015 1561 εὐδαίμων,
1047 1510 1220 1559 Κροῖσε,
1252 1507 1467 1558 περάσεις.

237 1573 331 1617 Hoc
374 1574 516 1631 igitur
556 1575 651 1618 loco
696 1578 848 1618 exstat
880 1590 1041 1632 magna
1072 1575 1386 1632 discrepantia.
1450 1575 1646 1618 fortasse

121 1642 230 1686 haec
259 1643 504 1687 difficultas
544 1644 738 1688 solvitur
776 1644 855 1687 illo
896 1645 1014 1701 apud
1046 1645 1386 1701 Xenophontem
1420 1657 1645 1701 responso,

121 1727 277 1755 versus
300 1713 478 1770 quidem
504 1714 708 1771 proditus
727 1714 929 1758 redolere
950 1714 1129 1757 videtur
1148 1714 1373 1757 oraculum
1391 1715 1644 1770 genuinum.

123 1781 200 1824 sed
234 1782 345 1825 talia
378 1784 513 1826 verba
547 1785 649 1827 ficta
682 1799 777 1827 esse
801 1783 1012 1827 videntur
1035 1785 1311 1840 temporibus
1335 1783 1646 1840 Xenophontis

122 1851 275 1908 ipsius
308 1852 465 1909 quibus
488 1852 601 1896 illud
623 1859 761 1908 γνῶθι
788 1857 950 1896 σαυτόν
971 1853 1302 1896 celebrabatur.
1329 1879 1377 1884 —
1413 1854 1481 1897 cui
1513 1853 1648 1896 debet

118 1920 369 1978 Xenophon
423 1922 532 1965 hanc
589 1923 889 1966 sententiam?
951 1915 1321 1966 verisimillimum
1378 1927 1449 1966 est
1503 1923 1647 1979 ipsum

120 1990 332 2034 tribuisse
363 1990 556 2047 Pythiae
598 1992 680 2035 hoc
719 1992 956 2035 oraculum.
1021 1995 1166 2035 totum
1210 1993 1325 2035 enim
1366 2008 1475 2049 opus
1519 1992 1647 2049 quasi

120 2060 349 2117 perfusum
391 2064 459 2104 est
499 2062 848 2118 cogitationibus
881 2061 1133 2105 Socraticis.
1195 2076 1304 2118 quas
1337 2061 1503 2118 effigiei
1535 2060 1648 2117 Cyri

121 2129 218 2173 veri
259 2129 436 2174 additas
478 2125 574 2174 esse
615 2146 640 2174 a
683 2131 981 2188 Xenophonte
1023 2135 1371 2174 consentaneum
1413 2133 1502 2183 est,
1550 2145 1648 2173 cum

120 2199 217 2256 ipse
248 2199 294 2242 in
324 2215 508 2244 numero
541 2201 743 2244 Socratis
776 2201 1094 2258 discipulorum
1133 2201 1283 2244 fuerit.
1347 2201 1429 2243 huc
1460 2199 1646 2252 accedit,

122 2268 241 2326 quod
283 2269 435 2313 eadem
474 2271 699 2314 sententia
731 2271 867 2314 etiam
898 2271 1098 2328 alioquin
1144 2274 1295 2314 exstat
1338 2270 1456 2327 apud
1499 2271 1646 2313 Xeno-

123 2337 346 2394 phontem.
398 2340 746 2383 memorabilium
777 2341 891 2383 libro
924 2340 1003 2382 IV.
1033 2355 1128 2397 cap.
1161 2341 1200 2394 2,
1225 2341 1282 2382 ‘24
1313 2340 1501 2396 legimus
1534 2338 1648 2381 illud

123 2413 264 2463 γνῶθι
296 2411 470 2461 σαυτόν,
513 2410 647 2453 etiam
679 2410 762 2453 hoc
791 2410 888 2454 loco
921 2410 1202 2453 coniunctum
1235 2425 1331 2452 cum
1363 2409 1560 2465 Delphis.
1596 2433 1641 2438 —-

123 2477 238 2522 unde
285 2478 430 2522 elucet
475 2479 606 2523 huius
652 2480 902 2523 sententiae
949 2480 1267 2536 peritissimum
1314 2479 1451 2522 fuisse
1498 2478 1647 2520 Xeno-

122 2546 347 2604 phontem.
399 2563 486 2606 qua
507 2549 560 2592 de
583 2564 718 2592 causa
738 2550 873 2593 etiam
895 2549 975 2592 hoc
1008 2549 1234 2592 oraculum
1266 2549 1307 2591 ei
1328 2545 1647 2591 'ascribendum

124 2619 208 2659 est.
269 2617 351 2661 illa
391 2619 529 2662 verba
571 2622 721 2662 autem
765 2619 904 2662 incisa
946 2620 992 2661 in
1033 2619 1199 2675 templo
1244 2617 1459 2674 Delphico
1503 2619 1645 2672 (mem.

125 2685 208 2739 IV,
225 2685 266 2739 2,
280 2686 353 2740 24)
384 2702 482 2730 eum
513 2689 702 2732 movisse
734 2692 856 2745 puto,
889 2691 941 2731 ut
973 2688 1201 2730 oraculum
1231 2687 1344 2729 hanc
1377 2686 1648 2729 sententiam

124 2755 361 2813 proferens
408 2757 591 2801 faceret.
666 2772 843 2800 versum
898 2757 1193 2814 composuisse
1248 2755 1498 2812 Xenophon
1553 2755 1647 2811 ipse

125 2825 318 2870 videtur.

1299 2894 1359 2936 3*
