1915 3190
750 134 1030 175 „mm

129 248 259 293 dibus
308 247 470 292 tollere
523 247 773 291 voluerunt.
854 247 1032 290 Pers-iva
1079 248 1253 301 origiue
1311 250 1501 292 fortasse
1550 255 1654 292 sunt

131 320 290 363 verba:
325 321 554 373 ὸιιιμονίυιν
586 318 888 371 φαιιτιὶσμιετυς
921 318 1232 372 ἀπατήσαντος,
1266 319 1423 375 quibus
1455 319 1652 362 demons-

129 390 280 433 tratur
336 402 485 443 regem
542 386 773 442 Lydorum
831 387 1031 430 omnibus
1080 389 1475 444 superstitionibus
1524 389 1652 432 iidem

129 458 344 502 tribuere.

243 528 285 582 3)
331 527 489 570 Tertia.
537 531 664 584 parto
712 530 926 571 narratur
972 527 1025 570 do
1071 528 1222 571 Croesi
1271 529 1405 585 ipsius
1456 532 1652 578 fortuna,

126 611 213 655 qua
246 598 290 640 in
323 600 455 655 parte
487 597 789 654 quaerendum
822 602 903 645 cst,
950 598 1200 641 volucritno
1233 599 1408 641 Ctesias
1443 598 1522 640 hocf
1556 600 1651 642 loco

126 666 359 711 emendare
411 667 632 710 Herodoti
685 668 999 710 narrationem.
1083 668 1199 724 quod
1263 668 1513 723 negandum
1567 675 1650 710 ost.

125 735 300 780 Ctesias
332 737 413 780 hoc
441 737 535 779 loco
559 738 735 781 omuino
765 752 851 779 non
884 738 1084 793 respexit
1110 737 1399 780 Herodotum.
1453 738 1650 795 alioquin

124 806 377 863 praeterire
419 822 505 850 non
546 807 696 863 potuit
738 806 858 849 illius
892 807 1196 850 narrationem
1231 822 1257 849 a
1288 821 1369 850 sua
1401 807 1530 863 plane
1563 807 1651 850 dis-

123 878 402 933 crepantem,
450 877 712 933 pracsertim
757 891 853 919 cum
896 876 975 918 illa
1016 876 1270 919 contineret
1310 880 1484 919 tantum
1519 878 1650 920 mira-

123 945 268 989 culum
301 949 347 989 et
380 946 492 989 talia
524 946 733 1003 prodigia
756 946 933 989 Ctesiac
966 946 1143 1003 placere
1177 945 1366 989 soleant.
1393 972 1444 976 —
1468 962 1650 1001 cognos-

122 1015 259 1059 cimus
284 1016 424 1072 igitur
447 1031 606 1059 novam
635 1017 904 1063 memoriam,
935 1031 1067 1072 quam
1088 1030 1115 1059 a
1137 1016 1298 1059 ceteris
1320 1016 1650 1073 discrepantem

123 1100 146 1128 e
177 1085 304 1128 fonte
338 1085 516 1129 Persico
549 1086 730 1128 fluxisse
763 1101 815 1128 ex
849 1101 900 1129 eo
931 1089 1136 1143 apparot,
1170 1086 1286 1142 quod
1310 1086 1355 1129 in
1375 1087 1474 1141 rogi
1506 1086 1650 1129 locum

121 1154 266 1197 minor
290 1155 568 1198 vinculorum
591 1170 732 1212 poena
755 1156 1004 1199 substituta
1028 1162 1109 1208 est,
1144 1159 1194 1198 ut
1227 1170 1278 1199 ea
1312 1172 1358 1199 rc
1390 1156 1650 1199 illustretur

121 1223 233 1280 Cyri
255 1224 502 1269 clementia.
545 1225 661 1283 quod
685 1225 802 1282 ignis
827 1226 966 1279 deest,
990 1226 1132 1282 ipsum
1155 1241 1329 1282 quoque
1353 1226 1408 1268 ad
1432 1226 1650 1282 originem

120 1294 348 1338 Persicam
389 1295 672 1338 referendum
713 1299 804 1338 cst:
850 1310 950 1339 nam
995 1296 1141 1352 ignem
1185 1295 1337 1338 Persis
1381 1310 1478 1338 esse
1520 1295 1651 1338 deum

120 1363 378 1408 Herodotus
409 1368 569 1408 narrat
601 1366 634 1417 Ι,
660 1366 738 1408 131
769 1370 816 1409 et
837 1366 1020 1418 111‚16;
1056 1366 1220 1409 Croeso
1246 1366 1387 1421 igitur
1420 1366 1648 1408 combusto

119 1433 286 1477 iniuria
317 1436 506 1479 affectus
539 1439 658 1479 esset
691 1436 797 1479 deus
830 1436 960 1492 ignis.
1013 1450 1100 1492 qua
1124 1436 1176 1478 de
1203 1450 1337 1479 causa
1369 1435 1475 1478 haec
1508 1449 1651 1492 poena

119 1504 265 1548 locum
296 1505 501 1548 obtinere
522 1521 611 1548 non
633 1506 784 1563 potuit
807 1506 851 1548 in
873 1506 1000 1548 fonte
1026 1505 1218 1549 Persico.
1270 1508 1511 1562 praeterea
1532 1504 1650 1561 quod

119 1573 287 1618 Croeso
330 1590 474 1633 poena
515 1576 708 1618 liberato
742 1576 891 1632 Cyrus
934 1575 1191 1619 liberaliter
1233 1575 1454 1618 concessit
1495 1576 1649 1617 urbem

120 1644 340 1699 Barenen,
374 1645 565 1702 requirit
595 1646 766 1689 fontem
797 1645 1039 1689 Persicum.
1102 1645 1210 1688 item
1251 1644 1308 1688 ad
1339 1646 1512 1687 fontem
1543 1644 1647 1686 Per-

121 1714 258 1758 sicum
289 1717 395 1772 apte
428 1716 641 1769 refertur,
674 1716 791 1773 quod
823 1718 1030 1759 accurate
1062 1715 1266 1758 traditur
1288 1729 1497 1757 numerus
1520 1728 1648 1771 prae·

120 1784 236 1835 sidii,
270 1785 387 1842 quod
419 1785 507 1828 fuit
539 1785 583 1828 in
616 1785 695 1828 illa
727 1787 851 1829 urbe.

236 1854 536 1912 Cognovimus
568 1857 711 1912 igitur
732 1856 910 1899 Ctesiae
941 1855 1248 1898 narrationem
1280 1879 1334 1885 —
1367 1854 1447 1897 illa
1469 1853 1522 1897 de
1545 1852 1647 1896 Sar-

120 1924 239 1967 dium
282 1925 615 1982 expugnatione
658 1940 762 1982 pars
805 1926 924 1968 infra
964 1925 1241 1969 tractabitur
1273 1951 1328 1955 —
1368 1939 1456 1968 non
1499 1925 1647 1966 fictam

118 2008 227 2048 esse,
261 1994 338 2038 sed
370 2010 393 2038 e
426 1996 636 2038 memoria
664 1996 846 2039 Persica
877 1996 1079 2049 fluxisse:
1114 2009 1243 2052 quam
1275 1997 1514 2051 tantopere
1547 2008 1648 2037 con-

117 2066 311 2108 tractam
343 2081 440 2109 esse
472 2080 499 2109 a
531 2065 692 2109 Photio
725 2065 938 2110 dolemus.

233 2134 363 2178 Nunc
404 2135 609 2178 narratio
643 2135 822 2179 Ctesiae
865 2135 962 2192 ipsa
993 2137 1203 2178 accurate
1237 2131 1531 2177 examinanda
1563 2134 1645 2175 est.

118 2203 442 2262 Comparantes
484 2220 580 2249 eam
622 2220 719 2248 cum
762 2205 927 2248 fabulis
975 2219 1113 2261 supra
1155 2203 1371 2247 tractatis
1419 2203 1644 2253 miramur,

118 2274 236 2331 quod
277 2274 359 2318 hoc
400 2274 497 2318 loco
544 2275 676 2332 plane
721 2274 839 2318 desit
884 2289 1033 2330 rogus.
1097 2274 1175 2317 sed
1219 2273 1325 2317 haee
1368 2288 1439 2315 res
1480 2272 1646 2314 habere

117 2345 272 2401 potest
301 2343 413 2387 nihil
454 2345 726 2388 ostensionis.
789 2359 888 2387 nam
934 2359 1030 2387 eam
1072 2359 1187 2396 rem⁷
1236 2342 1352 2400 quod
1394 2342 1557 2385 Croeso
1600 2341 1645 2382 in

103 2413 263 2457 ‘animo
294 2413 385 2458 fuit
417 2429 463 2458 se
492 2414 634 2471 ipsum
656 2414 701 2456 in
723 2429 834 2471 rogo
858 2414 1109 2458 sacrificare
1140 2413 1249 2466 deis,
1283 2412 1444 2456 Persas
1469 2411 1644 2454 omnino

116 2497 206 2526 non
236 2485 505 2541 comperisse
535 2487 880 2528 consentaneum
911 2487 1002 2535 est,
1048 2499 1145 2527 cum
1178 2483 1285 2526 haec
1328 2497 1397 2524 res
1443 2480 1643 2524 evenisse

117 2567 207 2596 non
247 2554 394 2612 possit
437 2569 583 2598 coram
626 2554 866 2598 Persarum
908 2554 1124 2597 exercitu.
1199 2546 1333 2608 rogus
1378 2553 1550 2599 autem,
1598 2549 1645 2591 in

117 2637 247 2680 quem
279 2622 492 2667 Croesum
521 2624 779 2681 impositum
810 2638 904 2668 esse
935 2638 962 2666 a
994 2623 1115 2679 Cyro
1146 2623 1267 2665 fama
1300 2624 1413 2672 erat,
1458 2633 1643 2662 comme·

116 2693 286 2737 morari
318 2693 493 2736 omnino
524 2707 614 2736 non
644 2696 841 2750 poterat,
874 2692 980 2749 quia
1009 2692 1111 2734 huic
1141 2691 1322 2734 fabulae
1345 2690 1499 2732 subest
1529 2687 1643 2730 nihil

117 2763 229 2807 veri.
288 2765 529 2820 praeterea
558 2767 611 2806 ut
642 2777 779 2819 supra
808 2762 1018 2813 vidimus,
1061 2761 1177 2818 ignis
1209 2760 1360 2803 Persis
1393 2758 1464 2801 dei
1495 2758 1643 2800 instar

117 2834 220 2878 erat
251 2836 298 2877 et
327 2832 456 2876 huius
487 2832 607 2876 modi
636 2832 810 2876 facinus
831 2831 1116 2889 repugnabat
1138 2829 1209 2873 illi
1231 2829 1345 2886 Cyri
1365 2826 1642 2880 clementiae,
