1915 3190
276 863 479 906 Historia
501 862 628 905 exitii
653 861 822 904 Croesi.
857 860 1002 903 ultimi
1030 859 1254 914 Lydorum
1279 858 1412 912 regis,
1447 857 1680 899 memoriae

161 934 339 992 prodita
370 937 439 976 est
472 936 564 976 tam
597 931 735 983 varie,
781 934 844 980 ut,
889 929 994 986 quid
1041 944 1088 971 re
1124 944 1226 970 vera
1269 928 1437 970 factum
1479 927 1562 969 sit.
1610 927 1680 967 vix

160 1004 375 1048 constitui
418 1003 571 1059 possit.
646 1016 758 1058 quae
800 999 1065 1042 difficillima
1108 997 1311 1054 quaestio
1357 1011 1451 1039 cum
1492 997 1547 1039 ab
1582 995 1682 1038 aliis

164 1074 310 1118 nostri
341 1073 440 1116 aevi
472 1071 582 1114 viris
615 1070 757 1113 doctis
789 1073 883 1112 tum
906 1085 930 1111 a
953 1068 1202 1111 Sehuberto
1225 1068 1253 1121 ¹)
1286 1066 1515 1109 subtiliter
1548 1069 1682 1121 atque

163 1143 328 1187 acriter
360 1144 563 1184 tractata
596 1145 677 1183 est.
732 1139 808 1182 sed
839 1139 892 1181 de
927 1138 1141 1189 fontibus,
1174 1137 1332 1193 quibus
1366 1136 1433 1178 his
1464 1135 1517 1178 de
1552 1137 1682 1178 rebus

162 1212 381 1256 certiores
423 1212 575 1263 fimus,
630 1225 843 1266 quaerere
887 1209 1021 1251 etiam
1075 1222 1190 1249 nuno
1232 1206 1350 1248 haud
1394 1205 1553 1247 inutile
1600 1209 1682 1247 est.

163 1283 316 1339 itaque
361 1281 519 1338 quibus
563 1295 616 1322 ex
664 1280 863 1322 fontibus
911 1278 1054 1320 nostri
1101 1279 1242 1320 testes
1293 1275 1525 1317 hauserint
1572 1274 1684 1316 hane

162 1351 398 1395 historiam
431 1357 476 1393 et
508 1349 724 1406 quomodo
758 1351 889 1391 tanta
912 1347 1219 1390 narrationum
1243 1346 1444 1388 varietas
1473 1346 1576 1386 orta
1608 1344 1682 1386 sit.

162 1421 382 1464 disserere
414 1420 519 1462 mihi
553 1419 777 1476 proposui.

276 1490 372 1533 Hoc
419 1489 570 1532 libello
620 1487 834 1545 imprimis
882 1486 1069 1528 historia
1126 1484 1279 1527 Croesi
1333 1483 1458 1526 exitii
1516 1485 1562 1525 et
1609 1496 1685 1525 eae

164 1560 390 1613 historiae,
425 1573 537 1616 quae
569 1573 665 1601 cum
697 1557 778 1599 illa
808 1556 1060 1601 cohaerent,
1094 1555 1427 1598 tractabuntur.

461 1798 496 1842 Ι.
548 1797 627 1841 De
659 1794 992 1852 Bacchylidis
1011 1796 1041 1849 ²)
1072 1793 1388 1838 narratione.

278 1881 573 1938 Bacchylides
606 1881 748 1923 tertio
780 1881 824 1922 in
857 1879 1064 1929 carmine,
1111 1894 1195 1935 quo
1228 1876 1452 1926 Hieronis,
1495 1876 1687 1931 Syracu-

164 1968 315 1996 sarum
358 1951 559 2008 tyranni,
605 1950 797 1993 victoria
829 1949 1066 2005 Olympica
1107 1949 1151 1990 in
1184 1948 1238 1990 ol.
1272 1945 1535 1989 LXXVIII.
1569 1945 1688 1999 (³468)

163 2022 360 2065 incidens
382 2021 658 2073 illustratur,
691 2034 718 2062 a
743 2019 977 2076 proposito
1005 2014 1261 2074 digrediens
1279 2016 1513 2059 historiam
1532 2014 1688 2057 Croesi

165 2092 294 2136 exitii
333 2091 488 2134 refert.
551 2105 646 2133 cum
690 2089 827 2131 Hiero
868 2088 955 2131 iam
999 2087 1200 2144 proximo
1233 2101 1348 2129 anno
1382 2085 1443 2128 sit
1473 2086 1685 2135 mortuus,

165 2161 245 2205 hoc
274 2175 449 2205 carmen
481 2160 607 2203 annis
628 2160 771 2209 4682?
804 2161 951 2201 ortum
983 2172 1080 2200 esse
1113 2159 1304 2200 constat.

640 2284 674 2326 Ι.
722 2284 1134 2339 Argumentum
1155 2281 1199 2337 ³).

280 2365 368 2414 ΙΙΙ.
396 2366 588 2409 23—65:
647 2364 862 2408 Sardibus
910 2365 965 2407 ab
1012 2363 1212 2407 exercitu
1258 2362 1496 2405 Persarum
1543 2361 1687 2416 captis

165 2435 357 2480 Croesus
400 2435 751 2478 infelicissimum
792 2433 908 2477 diem
949 2433 1185 2476 servitutis
1217 2432 1481 2475 lacrimosae
1513 2445 1687 2485 exspec-

287 2565 322 2608 1)
347 2562 440 2598 Rud.
467 2563 656 2606 Schubert‚
684 2563 900 2598 Geschichte
927 2561 992 2596 der
1019 2561 1159 2606 Konige
1185 2571 1253 2595 von
1282 2559 1430 2604 Lydien,
1465 2560 1564 2593 1554.

285 2622 323 2666 2)
350 2621 403 2657 De
428 2620 656 2667 Bacchylidis
693 2621 913 2656 carminibus
949 2625 1121 2664 egerunt:
1161 2619 1416 2659 Wilamowitz,
1453 2615 1689 2661 Bacchylides

171 2679 265 2716 Berl.
295 2681 395 2715 1898.
422 2700 466 2705 —
500 2680 641 2723 Christ,
680 2680 734 2714 Zu
768 2679 837 2714 den
873 2678 1174 2723 neugefundenen
1211 2676 1409 2712 Gedi‹·hten
1448 2675 1509 2710 des
1547 2675 1689 2715 Bacch.‚

168 2739 274 2785 Bayr.
300 2739 368 2773 Ak.
394 2737 428 2772 d.
454 2738 564 2774 Wiss.
594 2741 682 2774 1898
709 2739 735 2783 1,
762 2749 843 2783 pag.
871 2741 982 2782 3sqq.
1011 2758 1055 2763 —
1082 2737 1243 2779 Crusius,
1271 2735 1399 2770 Philol.
1428 2737 1485 2777 57,
1517 2736 1592 2768 152.

285 2799 323 2843 3)
348 2797 395 2832 cf.
423 2797 681 2841 wilamowitz,
717 2796 954 2843 Bacchylides
985 2799 1085 2839 1898,
1125 2797 1186 2839 qui
1224 2795 1315 2828 hanc
1351 2794 1521 2828 carminis
1549 2797 1689 2837 partem

167 2857 277 2892 vertit
301 2857 337 2891 iu
363 2857 523 2901 linguam
550 2855 811 2891 Germanicam.

1389 2913 1408 2954 1
