2009 3201
996 152 1248 193 -8—

366 265 578 307 Croesum
612 279 637 306 a
669 265 790 319 Cyro
823 264 990 306 victum
1031 265 1135 317 deis,
1177 268 1229 307 ut
1267 266 1429 322 populo
1462 266 1692 321 Lydorum
1730 281 1878 323 parce-

363 336 485 387 rent,
534 333 676 389 ipsum
719 348 763 375 se
808 333 1077 376 sacrificasse
1120 337 1352 376 narratum
1397 338 1526 378 esset.
1590 337 1694 379 talis
1736 337 1877 392 igitur

362 402 553 445 historia
571 402 807 444 secundum
819 402 1241 458 Furtwaenglerum
1258 404 1416 446 ceteris
1433 405 1727 460 praeferenda
1745 409 1875 449 esset.

363 476 486 516 certe
528 473 726 528 speciosa
766 475 834 515 est
875 473 981 515 haec
1023 474 1288 516 coniectura.
1352 476 1427 517 sed
1460 476 1589 519 valde
1621 477 1773 520 dubito
1805 478 1874 519 illi

362 542 575 584 assentiri
605 557 746 598 neque
777 543 963 584 multum
995 542 1033 584 ei
1065 543 1132 585 rei
1164 544 1414 596 tribuerim,
1460 546 1577 601 quod
1607 562 1685 589 vas
1725 549 1874 589 aetate

361 613 529 653 ceteros
570 613 710 653 testes
753 610 990 653 antecedit.
1056 612 1228 653 omnino
1274 614 1558 655 statuendum
1600 617 1670 656 est
1711 630 1789 670 per
1829 630 1873 658 se

360 695 446 721 non
477 695 654 722 necesse
686 695 782 722 esse
814 680 1011 722 fabulam
1044 695 1145 722 casu
1178 681 1304 736 prius
1336 682 1550 724 traditam
1582 683 1714 725 etiam
1746 684 1870 739 prius

359 751 508 791 natam
541 764 635 791 esse
666 749 821 791 fabula
852 763 955 791 casu
986 752 1144 805 postea
1183 750 1366 792 tradita.
1399 776 1455 780 —
1487 751 1694 794 Croesum
1730 753 1871 795 Vitam

359 831 482 859 suam
522 833 608 860 non
650 817 848 860 finivisse
888 833 1010 873 rogo,
1056 819 1341 873 cognoscitur
1371 819 1444 861 vel
1482 834 1532 862 ea
1563 835 1616 863 ex
1646 836 1707 874 re,
1753 822 1869 877 quod

359 886 549 929 Croesus
583 887 717 929 etiam
749 886 963 929 Sardibus
996 888 1138 943 captis
1170 888 1286 930 vixit
1317 889 1363 930 in
1393 889 1633 931 Persarum
1668 891 1867 933 exercitu

357 955 428 1010 (cf.
460 955 565 998 Her.
600 956 635 1008 I,
672 957 764 1008 155,
798 958 893 1009 207,
928 957 1035 1009 ‘2083
1067 957 1152 1010 ΠΙ,
1188 958 1254 1009 14,
1288 959 1353 1006 34,
1389 958 1473 1012 36).
1538 973 1621 1014 qua
1653 959 1706 1002 de
1738 974 1869 1002 causa

356 1025 548 1080 cogitari
591 1040 678 1066 non
720 1027 872 1081 potest
914 1025 1110 1068 fabulam
1154 1027 1402 1079 exstitisse,
1461 1028 1697 1070 secundum
1740 1043 1868 1085 quam

356 1093 545 1136 Croesus
579 1109 627 1135 re
660 1108 765 1136 vera
805 1095 851 1135 in
892 1109 1000 1150 rogo
1039 1097 1241 1137 mortuus
1274 1098 1354 1138 est.
1387 1121 1443 1126 -—-
1474 1097 1867 1153 Furtwaengierus

353 1163 529 1217 longius
551 1163 762 1219 progredi
783 1163 890 1204 mihi
913 1164 1092 1205 videtur
1120 1167 1283 1220 putans
1316 1165 1533 1220 pictorem
1565 1167 1722 1219 omnia,
1755 1182 1866 1223 quae

354 1235 581 1287 comperta
611 1232 808 1281 haberet,
851 1233 1044 1275 inserere
1075 1234 1275 1289 potuisse
1305 1235 1501 1290 imagini.
1563 1250 1659 1278 mea
1690 1235 1865 1291 quidem

353 1301 576 1343 sententia
619 1302 794 1343 auctori
837 1302 881 1343 in
925 1302 1069 1344 animo
1115 1303 1204 1345 fuit
1247 1304 1416 1359 fingere
1460 1308 1636 1360 partem
1687 1307 1862 1347 tantum

352 1370 542 1422 fabulae,
588 1372 634 1412 et
672 1373 846 1426 partem
887 1372 1097 1427 optimam
1130 1374 1175 1414 et
1207 1373 1513 1428 gravissimam
1547 1373 1638 1415 eius
1671 1374 1862 1426 fabulae,

353 1454 464 1495 quae
504 1439 594 1481 illis
637 1440 910 1495 temporibus
943 1443 1044 1482 erat
1074 1441 1273 1496 vulgata.
1335 1457 1464 1497 quam
1495 1442 1694 1485 fabulam
1726 1443 1862 1484 fuisse

352 1508 546 1560 eandem,
565 1523 693 1564 quam
711 1523 847 1565 supra
864 1510 1149 1565 cognovimus
1169 1511 1285 1566 apud
1298 1511 1610 1566 Bacchyiidem
1626 1512 1862 1568 genuinam

351 1592 399 1619 ac
430 1578 630 1633 primam,
674 1578 710 1619 si
751 1593 838 1619 non
870 1582 1052 1630 certum,
1096 1582 1245 1621 tamen
1284 1581 1515 1636 probabile
1557 1596 1650 1623 esse
1691 1584 1798 1637 puto
1820 1582 1862 1636 ¹).

349 1661 451 1688 nam
481 1647 640 1702 pictor,
674 1662 770 1689 cum
792 1648 911 1690 vasis
935 1648 1127 1703 spatium
1149 1649 1280 1691 valde
1303 1652 1541 1705 angustum
1573 1653 1702 1702 esset,
1735 1650 1861 1693 deum

336 1716 531 1771 ‘imagini
563 1716 725 1758 addere
752 1731 839 1758 non
862 1718 1023 1772 potuit⁷
1056 1719 1322 1774 praesertim
1355 1733 1448 1760 cum
1481 1719 1568 1761 iam
1600 1719 1726 1762 huius
1757 1719 1862 1761 ima-

349 1785 463 1840 ginis
509 1785 702 1827 altitudo
747 1786 1042 1829 difficultates
1086 1788 1319 1842 paraverit
1362 1791 1407 1830 et
1452 1790 1505 1830 ob
1549 1803 1642 1831 eam
1686 1804 1862 1831 causam

348 1854 492 1908 imago
536 1855 581 1896 in
625 1855 831 1897 dextram
874 1858 1050 1911 partem
1091 1857 1271 1912 paulum
1313 1857 1526 1899 inclinata
1567 1859 1626 1900 sit
1672 1859 1859 1914 (Furtw.

348 1937 447 1977 pag.
481 1923 594 1976 280).
657 1923 966 1965 difficillimum
1011 1925 1100 1967 suit
1139 1925 1265 1967 deum
1299 1925 1510 1968 Croesum
1553 1941 1606 1967 ex
1646 1927 1740 1981 igni
1777 1926 1861 1968 eri-

347 1991 541 2046 pientem
574 1992 755 2048 dignum
786 1994 980 2049 pingere.
1041 1994 1228 2050 denique
1250 1997 1358 2050 puto
1391 1995 1730 2050 descriptionem
1762 1996 1861 2050 rogi

349 2061 588 2113 suffecisse,
636 2064 686 2103 ut
728 2063 925 2104 omnibus
959 2063 1003 2103 in
1035 2063 1288 2105 memoriam
1320 2066 1611 2106 revocaretur
1643 2067 1751 2106 nota
1781 2064 1860 2106 issa

346 2128 510 2171 fabula.

687 2306 769 2349 III.
821 2306 900 2350 De
931 2306 1183 2351 Herodoti
1213 2307 1525 2352 narratione.

460 2384 718 2428 Herodotus
761 2387 902 2441 primo
933 2387 1068 2439 libro,
1113 2388 1157 2429 in
1197 2403 1280 2443 quo
1312 2404 1384 2430 res
1418 2388 1588 2444 Lydias
1620 2380 1854 2442 tractavit,

345 2468 436 2509 cap.
460 2454 625 2495 84—91
662 2455 714 2496 de
746 2455 904 2498 ultima
927 2456 1080 2499 Croesi
1112 2461 1157 2499 et
1184 2457 1415 2511 Lydorum
1446 2458 1631 2500 fortuna
1661 2459 1854 2501 rettuht.

836 2571 870 2612 I.
922 2572 1346 2627 Argumentum.

460 2651 500 2705 1)
549 2666 641 2708 cap.
675 2654 753 2694 84:
803 2652 964 2695 Croeso
1007 2658 1111 2696 ante
1144 2656 1295 2696 urbem
1327 2655 1447 2698 victo
1480 2670 1506 2698 a
1538 2656 1658 2711 Cyro
1693 2656 1853 2699 Sardes

344 2723 625 2775 expugnatae
658 2724 763 2764 sunt
793 2722 874 2764 hoc
902 2722 1051 2765 modo:
1097 2727 1331 2779 postquam
1374 2728 1532 2781 quarto
1574 2726 1738 2769 decimo
1780 2726 1852 2767 ob-

466 2827 497 2866 1)
526 2824 569 2857 cf.
598 2825 731 2859 Mciser
758 2837 837 2869 pag.
866 2830 921 2860 21.
