2009 3201
953 166 1238 207 —40„.

341 285 460 327 caelo
493 284 687 326 deiectus
720 285 799 334 est,
844 283 895 322 ut
926 280 1042 335 ignis
1075 280 1447 335 exstingueretur.
1509 278 1667 321 Persas
1699 281 1848 320 autem

339 354 473 395 timor
504 368 553 394 ac
584 354 725 394 metus
757 351 1041 401 incesserunt,
1074 351 1126 390 ut
1156 348 1360 404 Sibyllae
1391 348 1606 391 vaticinia
1638 350 1683 390 et
1715 348 1847 390 Zoro-

340 423 472 464 astris
507 421 683 463 oracula
715 420 761 461 in
786 420 976 461 mentem
998 417 1206 459 redirent.
1259 418 1411 473 itaque
1434 417 1684 459 clamabant
1706 417 1847 459 multo

338 491 477 545 magis
509 504 640 545 quam
671 491 815 540 antea,
849 490 901 529 ut
924 486 1109 528 Croesus
1132 488 1398 529 servaretur.
1453 488 1568 539 sunt,
1601 486 1675 542 qui
1697 485 1848 528 dicant

339 559 573 601 Thaletem
606 558 728 600 illam
760 558 1073 612 tempestatem
1093 554 1366 610 praedixisse
1389 554 1562 597 Croeso.
1616 557 1664 597 at
1686 555 1847 597 Persae

339 627 495 670 exinde
527 626 776 669 Zoroastris
806 624 1055 681 praeceptis
1088 625 1305 680 parebant
1337 623 1590 679 diligenter.

451 709 492 762 (5)
540 708 685 763 Cyrus
718 722 815 748 cum
845 705 972 747 illum
1004 705 1050 746 in
1080 704 1250 760 regiam
1272 704 1483 758 duxisset,
1518 720 1615 747 euin
1640 705 1714 747 1101
1727 707 1847 746 tatus

337 785 415 830 est.
448 792 513 829 110,
548 777 584 817 31
607 775 711 831 quid
732 775 883 827 vellet,
918 789 1095 830 poscere
1117 773 1359 815 dubitaret.
1411 773 1487 829 qui
1508 788 1561 816 ex
1587 789 1636 815 eo
1667 773 1845 830 petivit⁷

338 849 385 888 ut
418 845 720 902 permitteret,
766 847 817 886 ut
859 843 1086 899 compedes
1118 857 1222 885 suae
1254 842 1450 898 Delphos
1482 842 1770 885 mitterentur
1801 845 1848 885 et

334 915 498 971 Apollo
530 916 779 970 rogaretur7
813 913 919 969 quid
951 926 1107 954 causae
1139 912 1311 964 fuisset,
1345 927 1421 953 cur
1446 911 1635 953 oraculis
1658 927 1702 954 se
1724 911 1847 954 dece-

334 985 487 1040 pisset.
539 984 696 1040 quibus
720 982 886 1024 auditis
910 982 1056 1037 Cyrus
1081 983 1125 1023 et
1147 981 1255 1023 haec
1288 983 1332 1023 et
1364 981 1454 1023 alia
1478 996 1522 1022 se
1544 994 1848 1023 concessurum

334 1053 581 1110 spopondit.
645 1067 694 1094 ac
727 1052 886 1094 Croeso
927 1052 972 1093 in
1015 1051 1257 1093 amicitiam
1290 1051 1415 1094 brevi
1446 1054 1624 1106 recepto
1656 1051 1769 1093 filios
1802 1053 1848 1093 et

332 1138 490 1164 uxores
523 1122 747 1174 restituit,
793 1122 936 1176 ipsum
979 1135 1123 1163 secum
1163 1119 1350 1162 abduxit
1362 1136 1369 1175 3
1416 1120 1523 1176 quin
1555 1120 1689 1162 etiam
1719 1135 1846 1176 prae-

332 1192 549 1233 fecturam
581 1190 785 1233 Sardium
816 1190 885 1231 illi
916 1189 1110 1232 traditur
1122 1205 1168 1231 us
1199 1190 1336 1232 fuisse
1359 1189 1534 1243 dicitur,
1568 1189 1654 1231 nisi
1679 1190 1846 1232 veiitus

334 1264 460 1312 esset.
493 1275 546 1301 ne
578 1259 699 1314 Lydi
730 1259 856 1301 novis
888 1260 1017 1301 rebus
1050 1258 1296 1301 studerent.

844 1429 904 1471 H.
957 1429 1033 1472 De
1064 1430 1339 1472 fontibus.

448 1522 657 1564 Nicolaus
688 1523 987 1565 Damascenus
1029 1522 1161 1565 simili
1199 1526 1333 1579 atque
1367 1522 1585 1565 Diodorus
1617 1523 1791 1566 ratione
1822 1539 1845 1566 e

330 1591 528 1633 fontibus
572 1592 746 1634 hausit:
791 1595 979 1648 uterque
1020 1591 1277 1648 polyhistor
1316 1592 1538 1634 artissime
1570 1595 1744 1635 secutus
1776 1595 1845 1635 est

330 1662 480 1703 testes.
515 1676 777 1717 quamquam
794 1661 1091 1704 confitendum
1110 1663 1178 1703 est
1189 1661 1423 1703 Nicolaum
1440 1676 1649 1704 summam
1668 1676 1845 1718 operam

331 1730 525 1784 posuisse
557 1731 602 1772 in
634 1731 888 1784 artificiosa,
922 1731 949 1772 i.
974 1746 1008 1773 e.
1041 1730 1266 1773 rhetorica
1288 1731 1612 1773 retractatione
1638 1731 1841 1773 fontium.

331 1799 446 1855 quod
476 1800 754 1855 potissimum
796 1801 842 1842 in
885 1800 1084 1842 fontibus
1127 1799 1409 1856 explorandis
1443 1800 1729 1856 spectandum
1761 1803 1840 1843 est.

443 1870 520 1911 Eis
552 1870 597 1911 in
628 1870 843 1925 partibus,
878 1885 989 1926 quae
1023 1872 1125 1912 sunt
1158 1869 1210 1912 de
1241 1869 1416 1924 Lydiae
1447 1871 1589 1923 rebus,
1632 1870 1842 1912 Nicolaus

330 1938 516 1980 maxime
548 1939 731 1981 Xantho
764 1941 882 1981 teste
913 1954 1016 1981 usus
1050 1942 1118 1981 est
1142 1939 1180 1995 ¹).
1234 1938 1310 1981 sed
1331 1939 1565 1981 Nicolaum
1597 1939 1731 1981 etiam
1760 1939 1842 1981 1100

330 2007 375 2048 in
396 2008 646 2063 fragmento
672 2009 902 2051 Xanthum
925 2010 1123 2051 secutum
1146 2023 1250 2061 esse,
1285 2008 1484 2064 reliquiis
1504 2008 1678 2050 Xanthi
1698 2009 1842 2064 operis

331 2077 441 2119 effici
472 2093 559 2119 non
590 2080 753 2133 potest,
800 2093 896 2120 cum
927 2078 1121 2133 vestigia
1152 2077 1281 2120 huius
1312 2077 1528 2119 historiae
1560 2079 1637 2119 sub
1669 2077 1843 2119 Xanthi

329 2147 501 2188 nomine
547 2147 727 2202 prodita
770 2162 858 2189 non
904 2149 1093 2189 exstent.
1164 2161 1295 2203 quam
1342 2148 1394 2189 ob
1438 2161 1529 2188 rem
1572 2146 1842 2189 Schubertus

330 2216 513 2269 negavit
535 2216 767 2258 Nicolaum
789 2216 876 2258 alio
900 2232 953 2259 ex
974 2216 1101 2259 fonte
1132 2215 1330 2258 hausisse
1361 2218 1497 2272 atque
1525 2231 1577 2258 ex
1599 2215 1840 2258 Herodoto.

331 2284 400 2324 cui
444 2285 638 2340 opinioni
679 2288 958 2328 accesserunt
989 2286 1120 2327 multi
1151 2285 1238 2326 viri
1280 2285 1399 2328 docti
1418 2285 1461 2340 2).
1522 2286 1651 2342 pauci
1694 2288 1843 2329 autem

330 2352 507 2394 Nicolai
538 2356 697 2396 testem
728 2358 887 2411 putare
909 2355 1121 2398 videntur
1153 2355 1288 2397 etiam
1318 2354 1400 2397 hoc
1429 2355 1524 2397 loco
1548 2355 1778 2397 Xanthum
1797 2355 1840 2410 ³⁴).

445 2422 632 2465 Praeter
663 2424 893 2465 Xanthum
923 2424 1143 2467 Herodoti
1183 2424 1383 2466 narratio
1416 2425 1510 2467 sola
1541 2424 1607 2466 ita
1638 2424 1841 2466 adhibita

451 2551 483 2593 1)
511 2550 556 2584 ef.
585 2562 664 2594 pag.
693 2554 747 2585 56.

449 2610 483 2651 23)
512 2610 698 2650 Schuborn
718 2611 739 2644 l.
755 2611 776 2645 l.
800 2622 879 2654 pag.
899 2615 984 2647 120:
1014 2613 1259 2656 quhsxruth,
1279 2614 1299 2647 l.
1316 2613 1338 2646 l.
1359 2615 1447 2653 464;
1475 2612 1541 2646 Ed.
1560 2613 1694 2658 Meyer,
1714 2613 1840 2647 Gesch.

331 2668 361 2700 (1.
391 2669 461 2701 Alt.
491 2669 530 2705 1¹,
558 2672 644 2712 (ζωὴ
673 2670 809 2710 13113011,
838 2671 858 2703 1.
882 2670 901 2703 l.
932 2671 978 2703 ΙΙ2
1005 2674 1083 2706 4:31.

450 2732 484 2771 21)
514 2728 579 2761 Ed.
609 2729 730 2771 Meyer
757 2730 920 2769 (Forsch.
951 2730 973 2772 1,
1006 2733 1098 2773 1437),
1127 2731 1187 2773 qui
1214 2731 1281 2764 1100
1308 2731 1385 2765 loco
1413 2730 1515 2764 dicit:
1547 2730 1743 2774 „Nikolaus
1770 2730 1840 2764 Da-

333 2796 518 2819 maszenus
546 2787 804 2821 kontaminiert
839 2788 875 2821 in
913 2788 976 2822 der
1003 2789 1350 2833 Ix'rosusgeschichte
1375 2788 1539 2823 Herodot
1565 2788 1638 2823 und
1662 2789 1839 2831 Xanthus,

331 2843 409 2875 (10111
436 2843 611 2878 letztersn
640 2845 731 2887 folg„
759 2856 797 2879 er
824 2847 868 2879 1111
898 2847 1184 2881 wescntliclien“.
1214 2868 1257 2872 —
1286 2847 1474 2889 Suselr‘hl,
1501 2847 1552 2881 1.]
1594 2848 1637 2889 ¹5,
1665 2849 1742 2882 316.
