1915 3190
812 144 1095 186 „01-

311 259 355 314 2)
399 258 654 302 Herodotus
687 257 855 300 duobus
889 258 995 300 locis
1029 258 1527 313 (112515sor1nnorigine
1560 263 1716 302 rvt'ert:

194 330 355 381 1‚171:
413 329 696 371 ἀποδεικνῦσι
752 329 796 369 ὸὲ
854 327 902 369 ἐν
958 330 1207 370 Μυλάσοισι
1257 333 1361 378 ,Ιιὺς
1411 331 1581 382 Καρίου
1624 332 1718 382 ἱρὸν

193 399 390 455 ἀρχαῖον,
433 404 512 440 τοῦ
546 400 740 440 Μυσοῖσι
783 399 864 451 μὲν
904 396 973 439 καὶ
1011 400 1188 439 Λυὸοῖσι
1225 399 1394 451 μέτεστι
1427 400 1482 448 ὡς
1513 403 1716 454 κασιγνή-

192 480 304 511 τοισι
347 467 468 509 ἐοῦσι
517 473 627 508 τοῖσι
676 469 836 519 Καρσί·
883 469 956 508 τὸν
1001 469 1081 521 γὰρ
1128 470 1278 508 ,ludim
1322 470 1385 508 καὶ
1434 471 1510 509 τὸν
1556 471 1717 510 ,Μυσὸν

191 537 361 591 λέγουσι
394 532 505 578 εἶναι
542 539 688 589 Καρὸς
721 537 973 590 ἀὸελᾳεούς.
1038 536 1113 578 sod
1144 536 1232 578 alio
1267 536 1360 578 loco
1396 538 1546 592 Mysos·
1581 538 1715 589 signi-

192 606 297 649 ficat
319 604 548 662 Lydorum
573 606 850 662 progenimn:
888 605 990 649 Vll.
1012 607 1065 647 '74
1087 605 1297 658 lvgimus:
1332 604 1451 648 οὗτοι
1485 619 1559 651 «sc.
1583 608 1716 661 Mysi)

190 676 240 718 ὸέ
280 677 359 718 εἰσι
412 677 574 718 Λυδῶν
617 677 814 727 ἄποικοι,
861 675 932 717 ἀπ’
974 675 1193 729 Ὀλύμπου
1235 677 1279 716 di
1325 677 1449 729 ὄρεος
1492 676 1714 718 καλέονται

185 744 479 799 Ὀλυμπιηνοί.
515 769 568 774 —-
601 743 681 786 hac
714 760 809 785 cum
842 743 1056 786 Herodoti
1093 745 1298 800 opinioni¹
1331 745 1615 788 consentiunt
1650 761 1713 798 ca,

188 827 301 870 quae
334 813 542 856 Xanthus
576 813 755 855 rettulit
790 815 844 855 fr.
877 817 904 854 ὅ
936 814 1116 867 (Strabo
1150 814 1256 857 ΧΗ.
1293 830 1330 870 p.
1356 816 1477 868 572ss
1514 849 1552 856 ..
1580 849 1586 856 .
1611 816 1715 856 κατὰ

188 886 264 926 τὸν
309 887 554 936 Ὄλυμπον,
608 883 722 925 ὅπου
767 882 1002 937 ἐκτεθῆναι]
1048 896 1154 937 ([ασι
1213 892 1284 934 (sc.
1328 886 1365 924 οἱ
1408 886 1568 930 Andos)
1615 887 1715 934 τοὺς

188 954 552 1003 δεκατευθὲντας,
608 952 785 995 ἐκείνων
837 951 883 994 ὀὶ
931 953 1181 1006 ἀπογόνους
1227 950 1336 995 εἶναι
1389 957 1488 1002 τοὺς
1534 955 1714 1006 ίῑστιρον

190 1024 375 1072 ᾹΙυσούς
407 1056 415 1065 .
442 1057 449 1064 .
474 1057 482 1065 .
526 1048 579 1053 -
622 1022 701 1065 hoc
746 1022 841 1064 loco
884 1023 1082 1064 conicere
1125 1022 1258 1065 liceat
1303 1022 1575 1065 Herodotum
1620 1039 1713 1065 csse

188 1097 388 1134 secutum
422 1092 674 1144 Xanthum,
718 1092 982 1148 pracsertim
1022 1108 1117 1134 cum
1153 1092 1244 1147 ipse
1277 1092 1410 1135 aliam
1443 1094 1712 1135 sententiam

186 1161 276 1204 alio
309 1161 403 1203 loco
436 1161 677 1218 protulerit
712 1161 765 1203 dc
798 1162 1025 1216 Mysorum
1059 1162 1243 1217 origine.
1307 1162 1383 1204 sed
1425 1163 1561 1205 etiam
1605 1163 1712 1206 haec

187 1248 285 1290 spes
328 1232 474 1275 fallit:
529 1232 639 1275 hanc
681 1234 983 1275 narrationem
1028 1234 1215 1290 sumpsit
1264 1233 1516 1276 Herodotus
1560 1250 1647 1277 non
1689 1252 1711 1279 e

185 1302 383 1347 Xantho.
431 1302 507 1345 sed
551 1318 603 1345 ex
648 1302 737 1345 alio
778 1302 967 1359 quodam
1002 1303 1130 1355 libro,
1162 1319 1214 1345 cx
1247 1319 1332 1360 quo
1375 1303 1522 1346 hausit
1567 1308 1711 1347 totam

185 1371 309 1414 illam
342 1376 514 1428 partem
557 1372 677 1423 (Vll,
710 1373 953 1425 26-131),
998 1387 1083 1429 qua
1118 1372 1280 1415 Xerxis
1322 1373 1410 1415 iter
1448 1388 1473 1415 a
1506 1373 1710 1416 Celaenis

184 1456 321 1499 usque
353 1441 409 1483 ad
432 1441 665 1484 Thermain
698 1443 880 1485 factum.
915 1442 1117 1497 singulae
1140 1442 1361 1484 exercitus
1383 1447 1554 1498 gentes,
1587 1458 1712 1486 arma

185 1525 335 1554 earum
368 1515 414 1553 ct
446 1510 577 1554 duces
610 1511 941 1553 accuratissime
974 1510 1289 1554 describuntur
1313 1513 1356 1565 ¹).

299 1593 619 1649 Discrepantia
661 1593 893 1649 utriusque
937 1593 1211 1635 narrationis
1245 1593 1527 1636 Herodoteae
1572 1595 1712 1650 expli-

184 1665 315 1704 catur
346 1677 410 1714 co,
444 1662 562 1719 quod
584 1662 840 1705 Herodotus
866 1663 982 1704 libro
1017 1663 1083 1704 illi
1116 1663 1350 1705 maximam
1383 1663 1512 1706 fidem
1546 1663 1711 1706 habens

185 1731 330 1773 onmia
364 1731 408 1773 in
441 1747 549 1788 opus
582 1747 707 1774 suum
739 1731 978 1774 transtulit
1010 1747 1099 1774 non
1131 1732 1370 1788 respiciens
1403 1732 1459 1775 ad
1492 1748 1555 1786 ea,
1597 1748 1710 1790 quae

185 1814 322 1857 supra
354 1801 607 1858 scripserat.

301 1882 344 1933 3)
376 1881 553 1925 Nicolai
595 1883 649 1924 fr.
684 1882 735 1924 71
780 1885 993 1924 narratur
1034 1881 1114 1924 illa
1146 1881 1199 1925 de
1231 1882 1429 1938 Alyatte
1463 1886 1508 1926 et
1541 1883 1708 1926 colonis

182 1950 327 2007 Mysis
359 1950 571 1994 historia:
616 1951 814 2006 Alyatte
854 1952 974 1994 forte
1016 1951 1074 1994 ad
1115 1966 1262 1995 muros
1294 1953 1416 1995 urbis
1449 1952 1708 1996 considente

180 2021 402 2077 praeterit
434 2036 546 2063 uxor
576 2021 760 2064 Thracis
801 2021 1010 2073 alicuius,
1053 2021 1128 2078 qui
1161 2037 1183 2063 e
1215 2021 1407 2064 Thracia
1437 2022 1483 2063 in
1513 2021 1709 2078 Lydiam

180 2090 427 2133 transierat
471 2105 568 2133 cum
614 2106 751 2134 uxore
796 2095 841 2134 et
886 2091 1059 2144 liberis,
1114 2105 1269 2134 urnam
1315 2095 1498 2147 gestans
1545 2091 1707 2148 capite,

180 2159 383 2202 manibus
423 2160 568 2203 colum
611 2163 657 2203 et
697 2160 843 2203 fusum
887 2163 1111 2214 tractans,
1158 2175 1295 2204 zonae
1339 2164 1489 2203 autem
1520 2176 1546 2204 a
1576 2164 1707 2218 tergo

181 2227 418 2272 adiunctus
450 2232 548 2272 erat
589 2245 738 2287 equus.
801 2245 886 2287 quo
932 2234 1171 2287 conspectu
1212 2233 1454 2273 commotus
1486 2230 1708 2286 Alyattes

180 2296 239 2340 ad
269 2297 490 2341 Thracum
521 2314 673 2355 regem
694 2299 870 2356 legatos
891 2299 1027 2353 misit,
1062 2300 1138 2357 qui
1163 2301 1218 2342 ab
1241 2299 1319 2342 illo
1342 2303 1553 2357 peterent
1575 2314 1707 2357 quam

180 2366 394 2424 plurimos
437 2368 615 2411 colonos
657 2384 754 2411 cum
796 2370 1008 2412 uxoribus
1048 2384 1098 2412 ac
1130 2370 1295 2412 liberis.
1328 2395 1384 2400 —
1416 2369 1535 2427 apud
1565 2370 1705 2412 Hero-

180 2435 335 2480 dotum
378 2437 449 2494 (V,
470 2438 541 2493 12)
583 2438 773 2495 legimus
816 2437 928 2481 hanc
971 2439 1192 2482 fabulam:
1237 2438 1323 2482 duo
1363 2439 1451 2482 viri
1492 2439 1701 2491 Paeones,

179 2603 255 2628 non
281 2594 451 2637 cognosci
477 2595 604 2639 possit,
630 2595 731 2631 nullo
751 2597 958 2631 testimonio
977 2595 1201 2631 declaratum
1230 2601 1304 2637 cst;
1332 2595 1473 2630 videtur
1499 2605 1577 2630 eam
1605 2605 1704 2630 acce-

180 2651 279 2696 pisse
302 2651 511 2688 Herodotus
545 2654 591 2688 ab
626 2654 698 2689 illis
733 2654 1023 2698 fabulatoribus,
1059 2657 1121 2698 qui
1159 2656 1192 2689 ei
1228 2655 1410 2698 permulta
1443 2654 1702 2698 praebuerunt.

180 2710 267 2754 quin
301 2711 410 2746 etiam
445 2712 648 2756 negandum
686 2719 742 2748 est
778 2713 1001 2748 Herodotum
1029 2714 1167 2748 Xanthi
1202 2713 1446 2747 narrationem
1481 2713 1702 2757 cognovisse,

179 2769 354 2813 alioquin,
380 2775 419 2805 ut
446 2771 599 2814 solebat,
626 2772 735 2806 etiam
762 2772 859 2806 illius
886 2773 1134 2807 narrationem
1161 2772 1375 2807 rettulisset.
1403 2791 1447 2797 —

302 2832 338 2872 1)
366 2828 411 2864 cf.
438 2828 505 2864 Ed.
533 2830 669 2876 Meyer,
696 2831 825 2865 Gesch.
852 2830 885 2865 d.
912 2831 985 2865 Alt.
1015 2831 1078 2871 111,
1098 2833 1165 2874 6‚7
1193 2836 1229 2866 et
1255 2830 1403 2866 Forsch.
1432 2830 1476 2874 11,
1501 2833 1582 2866 231.
