1915 3190
731 142 983 182 -9-

104 259 289 303 sidionis
335 257 406 302 die
451 257 618 300 Persae
666 257 818 298 urbem
876 257 1048 297 frustra
1105 256 1503 310 oppugnaverunt,
1553 253 1622 294 vir

103 329 286 374 Mardus
308 342 483 385 genere,
515 326 584 370 cui
607 341 762 369 nomeu
785 331 886 369 erat
910 323 1188 380 Myron-adm,
1221 338 1365 366 arcem
1387 322 1623 365 ascendero

102 402 287 443 conatus
328 400 399 441 est
438 411 488 438 eo
529 396 638 447 loco,
683 412 768 453 quo
810 394 1016 437 custodes
1049 393 1184 436 locati
1218 409 1303 435 non
1337 395 1481 443 orant,
1526 407 1623 433 cum

102 473 221 513 esset
250 469 467 524 abruptus
508 469 555 507 ot
599 464 957 521 inexpugnabilis
1001 463 1242 505 videretur.
1306 462 1386 504 hac
1428 462 1469 502 in
1509 461 1623 503 muri

102 542 233 596 parte
277 536 437 588 Moles,
483 551 558 577 rex
607 535 837 589 Lydorum
879 535 1110 591 autiquuS,
1155 548 1241 574 non
1285 530 1624 573 (·ir‹·umtulerat

101 607 227 651 illum
259 606 449 657 leonem3
498 620 598 648 nam
647 605 975 646 'l‘olmossvnsvs
1020 604 1254 652 dixerant,
1304 602 1340 642 si
1390 600 1457 643 leo
1505 600 1624 641 eirea

102 692 273 720 murum
305 675 689 719 circumferretur.
738 674 900 716 Sardos
935 671 1298 729 inoxpugmibiles
1334 672 1440 714 foro.
1504 669 1620 711 Mar-

100 746 182 791 dus
238 746 403 802 igitur,
462 759 558 787 cum
614 744 758 801 pridie
812 743 996 785 vidisset
1059 742 1286 797 Lydorum
1341 739 1531 796 aliquem
1568 740 1624 781 ab

99 816 179 860 illa
210 818 339 873 parte
371 815 487 857 arcis
520 813 872 863 desvendentom,
908 816 958 855 ut
988 812 1163 868 galeam
1186 810 1444 852 devolutam
1474 824 1623 865 repor-

99 888 236 937 taret,
282 884 432 927 eodem
475 883 569 926 loco
603 897 748 925 arcem
791 881 994 925 ascendit
1039 884 1084 924 et
1131 880 1267 923 ceteri
1317 880 1482 921 Persae
1527 893 1625 920 eum

100 955 241 999 secuti
274 958 390 998 sunt.
455 968 540 1010 quo
573 952 702 995 modo
736 951 902 994 Sardes
935 955 1092 1007 captae
1126 954 1242 992 sunt.

213 1025 256 1080 2)
302 1038 396 1080 cap.
431 1024 509 1065 85:
555 1022 649 1065 Hoc
691 1022 786 1064 loco
820 1021 1075 1064 Herodotus
1116 1020 1238 1062 illam
1271 1019 1323 1061 de
1370 1018 1459 1060 tilio
1502 1021 1624 1060 muto

99 1094 296 1138 fabulam
333 1092 521 1145 addidit,
561 1095 611 1134 ut
649 1091 907 1148 explicaret,
949 1090 1165 1147 quomodo
1198 1091 1367 1132 factum
1403 1091 1535 1132 esset.
1575 1090 1626 1129 ut

98 1166 338 1221 caperetur
371 1162 514 1205 vivus.
550 1187 602 1191 -
636 1161 804 1204 Croeso
836 1160 950 1202 enim
984 1162 1082 1202 erat
1122 1159 1238 1201 filius
1281 1161 1444 1200 mutus.
1503 1157 1625 1199 euius

98 1247 232 1277 causa
274 1247 370 1276 cum
416 1231 559 1274 multa
602 1231 692 1274 alia
735 1232 919 1281 fecerat,
965 1233 1059 1272 tum
1103 1228 1327 1272 oraculum
1362 1226 1624 1283 Delphicum

98 1302 402 1353 consuluerat,
444 1300 562 1358 quod
595 1301 798 1342 versibus
832 1300 886 1342 ab
922 1298 1150 1341 Herodoto
1184 1298 1339 1340 relatis
1373 1297 1412 1339 oi
1444 1310 1624 1352 respon-

97 1371 228 1415 derat
271 1371 396 1413 illum
441 1373 724 1426 recepturum
768 1384 863 1411 esse
909 1383 1058 1410 vocem
1102 1367 1406 1410 infelicissimo
1449 1365 1531 1407 die.
1573 1390 1625 1394 -

98 1456 194 1484 cum
228 1440 446 1484 Sardibus
479 1440 622 1496 captis
648 1438 887 1481 Persarum
921 1438 1096 1494 aliquis,
1130 1437 1198 1479 cui
1223 1437 1411 1479 Croesus
1446 1436 1626 1489 ignotus

101 1514 213 1562 erat,
247 1510 371 1553 illum
404 1509 604 1553 occidere
637 1508 799 1558 vellet,
845 1513 992 1550 mutus
1038 1507 1112 1550 ille
1144 1522 1254 1563 puer
1287 1520 1392 1562 prae
1425 1509 1546 1547 metu
1578 1518 1629 1546 ac

101 1580 257 1624 dolore
298 1583 393 1624 tum
434 1580 618 1636 primam
661 1593 810 1621 vocem
853 1577 995 1620 edidit
1045 1583 1091 1620 et
1134 1576 1336 1619 servavit
1377 1575 1459 1618 hoc
1499 1573 1627 1617 modo

101 1652 291 1708 patrem,
323 1651 400 1707 qui
432 1651 487 1692 ob
518 1663 614 1692 eam
647 1662 823 1691 causam
856 1651 1015 1703 eaptus
1047 1650 1116 1690 est
1147 1646 1289 1689 vivus.

217 1719 261 1775 3)
306 1733 400 1776 cap.
433 1719 594 1771 Sss‚87:
627 1717 783 1760 fabula
815 1717 935 1773 rogi:

218 1788 262 1841 a)
306 1789 426 1831 Arce
459 1790 718 1844 expugnata
751 1785 955 1838 Croesus,
999 1788 1237 1842 postquam
1269 1782 1629 1840 quattuordecim

102 1873 242 1902 annos
272 1858 484 1914 regnavit
514 1863 560 1900 et
593 1856 953 1914 quattuordecim
986 1855 1080 1898 dies
1113 1857 1319 1898 obsessus
1362 1857 1451 1906 est,
1497 1853 1627 1895 vivus

103 1931 262 1985 captus
303 1927 359 1970 ad
391 1927 559 1982 Cyrum
599 1926 758 1969 ductus
801 1928 881 1968 est.
945 1925 1019 1981 qui
1061 1925 1106 1966 in
1149 1939 1305 1980 rogum
1350 1924 1628 1966 exstructum

102 1997 268 2055 imponi
312 1997 444 2040 iussit
485 1996 700 2039 Croesum
743 1995 1024 2051 compedibus
1069 1994 1265 2036 vinctum
1310 1995 1358 2035 et
1400 2007 1488 2034 una
1531 2006 1628 2034 cum

102 2066 182 2110 illo
213 2066 280 2110 bis
313 2068 483 2122 septem
516 2065 630 2107 filios
662 2064 911 2121 Lydorum.
974 2063 1091 2120 quod
1123 2063 1231 2105 fecit
1264 2062 1424 2118 Cyrus,
1458 2076 1546 2103 non
1577 2063 1630 2102 ut

91 2134 316 2179 ‘Croesum
345 2135 545 2189 tolleret,
580 2134 670 2185 sed,
703 2136 755 2176 ut
779 2133 1035 2176 Herodotus
1057 2132 1180 2184 dicit,
1213 2132 1260 2174 ἐν
1295 2133 1380 2186 νόῳ
1411 2133 1523 2185 ἔχων
1550 2130 1629 2172 εἴτε

104 2205 158 2260 δὴ
190 2205 425 2258 ἀκροθίνια
456 2211 588 2247 ταῦτα
621 2211 845 2258 καταγιεῖν
886 2208 1007 2245 θεῶν
1044 2203 1151 2259 ὅτεῳ
1184 2203 1251 2254 δή,
1284 2202 1367 2243 εἴτε
1400 2202 1470 2241 καὶ
1501 2199 1631 2255 εὐχὴν

104 2273 343 2317 ἐπιτελέσαι
387 2274 554 2326 θέλων,
600 2277 684 2315 εἴτε
731 2275 802 2315 καὶ
855 2274 1111 2325 πυθόμενο,Ί
1159 2273 1234 2312 τὸν
1279 2273 1474 2325 Κροῖσον
1518 2265 1629 2310 εἶναι

105 2343 315 2398 θεοσεβέα
346 2344 471 2385 τοῦδε
504 2344 671 2385 εἵνεκεν
702 2342 932 2396 ἀνεβίβασε
966 2341 1035 2383 ἐπὶ
1067 2343 1147 2395 τὴν
1175 2343 1332 2394 πυρήν,
1363 2340 1631 2393 βουλόμενος

105 2413 269 2457 εἰδέναι
306 2417 351 2456 εἴ
384 2415 448 2462 τίς
487 2429 563 2466 μιν
594 2414 817 2465 δαιμόνων
848 2413 1021 2466 ῥύσεται
1052 2417 1130 2453 τοῦ
1159 2412 1215 2464 μὴ
1249 2414 1385 2461 ζῶντα
1418 2424 1628 2450 κατακαυ-

105 2488 252 2539 θῆναι.

220 2551 266 2606 b)
311 2550 502 2594 Croesus
533 2552 696 2602 autem,
729 2549 798 2592 eui
831 2564 964 2606 super
995 2563 1158 2605 pyram
1190 2547 1328 2591 stan'ti
1362 2547 1406 2588 in
1437 2548 1629 2588 mentem

106 2620 245 2667 rediit
273 2619 387 2663 illud
416 2619 604 2672 Solonis,
638 2619 715 2675 qui
744 2619 961 2661 neminem
993 2619 1219 2661 viventem
1250 2616 1471 2659 nominari
1503 2629 1631 2671 posse

106 2691 287 2734 beatum
331 2689 524 2742 dixerat,
568 2692 640 2732 ter
686 2687 954 2731 exclamavit
993 2687 1213 2730 Solonem.
1284 2685 1402 2742 quod
1445 2683 1629 2727 audiens

107 2758 255 2816 Cyrus
287 2773 310 2801 e
342 2758 508 2802 Croeso
541 2757 776 2814 quaesivit,
809 2758 906 2813 quis
918 2756 1015 2817 ‚ille
1048 2759 1179 2807 esset,
1212 2770 1341 2812 quem
1363 2754 1629 2796 invocasset.

75 2881 86 2889 ‚
106 2827 199 2882 ille,
232 2843 328 2871 cum
349 2827 478 2870 initio
500 2827 732 2878 tacuisset,
762 2826 942 2869 tandem
967 2825 1151 2868 rettulit
1173 2825 1226 2868 de
1249 2824 1328 2867 illo
1351 2838 1447 2866 cum
1469 2822 1631 2866 Solone
