1915 3190
687 169 738 174 —-
804 145 854 185 13
919 170 967 173 fi

68 262 197 304 erant
228 259 349 302 clari.
403 258 568 303 meleti,
605 257 806 300 fabuloso
832 258 940 310 regi,
975 259 1202 301 oraculum
1235 273 1371 315 supra
1404 258 1589 301 allatum

69 329 318 373 ediderunt.
380 328 632 372 memoriam
680 328 805 369 huius
850 328 1027 370 fabulae
1072 329 1113 370 iu
1157 328 1304 383 Lydia
1346 328 1439 370 sola
1482 329 1590 371 terri

70 399 266 457 potuisse
324 403 431 456 puto
486 402 670 454 propter
722 398 1042 440 aurtoritatem
1094 398 1300 440 Sardium
1355 398 1589 454 propriam.

69 467 220 512 eadem
243 468 413 524 profuit
436 467 605 522 gloriae
629 467 797 508 oraculi
818 466 1022 508 Asiatici.
1074 467 1196 508 vuius
1219 467 1388 508 oraculi
1412 467 1589 513 mentio,

68 552 154 596 quo
187 537 451 594 explicatur,
494 552 573 579 cur
607 536 684 578 illa
717 537 828 578 muri
863 552 966 593 pars
1001 535 1217 578 custodiis
1250 537 1459 581 carm-rit.
1504 537 1590 579 tuti

68 607 169 651 huic
209 607 461 650 narrationi
507 606 624 649 tanti
658 607 866 649 momenti
909 611 999 657 est,
1046 610 1095 648 ut
1128 605 1364 648 Seliuberti
1397 617 1512 661 (pag.
1548 610 1590 656 15)

67 677 334 721 sententiam
367 677 489 733 sequi
522 692 607 718 non
643 677 871 733 possumis,
905 677 979 732 qui
1014 675 1134 718 illam
1165 677 1218 716 ab
1247 675 1472 717 Herodoto
1497 675 1590 731 ipso

68 760 162 790 esse
195 745 393 789 additam
427 750 580 802 putat:
617 746 745 787 immo
779 760 885 787 vero
920 745 1198 787 iudicandum
1225 752 1290 787 est
1315 745 1589 788 Herodotum

67 818 210 859 totam
241 816 545 858 narrationem
579 830 601 858 e
630 816 755 857 fonte
779 814 925 869 Lydio
949 814 1161 857 hausisse.
1213 831 1340 870 quem
1375 817 1589 871 scriptum

71 885 210 929 fuisse
234 900 328 928 cum
355 885 602 928 Scliuberto
625 887 682 941 (p.
710 886 805 937 loo)
828 885 1139 926 consentimus.
1185 899 1313 940 quam
1341 886 1587 941 opinionem

70 957 265 1013 probant
296 963 341 998 et
373 958 586 998 accurata
617 954 850 996 relationis
896 954 1132 1007 diligentia
1164 959 1211 996 ct
1244 956 1408 997 mentio
1443 956 1588 1009 singu-

67 1024 210 1068 larum
242 1039 406 1074 rerum,
448 1023 664 1081 imprimis
697 1024 741 1065 id
774 1023 890 1080 quod
923 1024 1056 1065 etiam
1087 1038 1244 1065 nomeu
1278 1024 1396 1066 illius
1431 1024 1589 1068 Mardi.

66 1095 142 1151 qui
188 1094 356 1151 primus
400 1093 600 1136 ascendit
632 1096 919 1150 praeruptum
961 1094 1076 1135 arvis
1119 1093 1273 1145 locum,
1318 1094 1588 1137 nominatur.

182 1176 226 1231 ⁶2)
258 1175 377 1218 Fons
409 1175 606 1229 Lydius,
651 1190 705 1218 ex
746 1191 832 1231 quo
865 1176 899 1228 1,
933 1176 988 1216 84
1032 1175 1253 1227 manavit,
1300 1176 1590 1219 continuatur

66 1246 213 1303 capite
244 1246 320 1300 863
354 1261 446 1302 cap.
479 1246 535 1287 64
568 1245 722 1288 finitur
754 1245 821 1287 his
854 1245 1023 1287 verbis:
1061 1278 1068 1286 .
1095 1278 1101 1286 .
1129 1279 1136 1286 .
1172 1246 1282 1287 οὕτω
1317 1247 1370 1300 ὀὴ
1403 1247 1590 1298 zabbai,-

65 1331 111 1359 τε
146 1317 364 1371 ἡλώκεσαν
395 1314 464 1357 καὶ
498 1322 586 1357 πᾶν
617 1318 665 1357 τὸ
697 1317 805 1357 fiori·
836 1315 1081 1368 ἐπορθέετο,
1114 1318 1160 1357 et
1181 1330 1274 1371 cap.
1297 1316 1353 1356 815
1385 1315 1541 1372 incipit
1564 1332 1588 1358 a

67 1385 239 1437 verbis,
282 1399 393 1442 quae
436 1385 738 1427 narrationem
781 1385 1080 1440 interruptam
1113 1385 1398 1426 continuant:
1448 1387 1498 1427 ()ἱ
1543 1386 1588 1426 δὲ

68 1454 238 1509 Πέρσαι
271 1455 343 1504 τάς
375 1470 418 1496 τε
451 1455 504 1508 ὀὴ
527 1455 692 1508 Στέρόις
713 1455 839 1509 ἔσχον
868 1455 936 1495 καὶ
963 1454 1092 1495 αὐτὸν
1117 1456 1308 1506 Κροῖσον
1330 1453 1588 1508 ἐζώγρησαν.

69 1526 123 1567 ut
152 1523 300 1581 Cyrus
333 1523 530 1566 iusserat
561 1538 654 1580 cap.
688 1524 765 1565 80:
813 1526 1004 1576 Κροῖσον
1045 1522 1091 1564 oz
1133 1524 1268 1565 αὐτὸν
1307 1525 1362 1578 μὴ
1397 1526 1590 1575 κτείνειν,

69 1594 179 1649 μηδὲ
219 1593 274 1648 ἢν
313 1595 720 1648 συλλαμβανόμειός
763 1593 991 1647 ἀμύνηται.
1043 1607 1172 1649 quem
1205 1593 1591 1649 fonte1nL3·dium

69 1678 159 1707 non
190 1663 462 1707 continuisse
494 1665 698 1719 apertum
730 1665 799 1705 est
830 1662 952 1704 illam
986 1662 1206 1714 fabulam,
1250 1677 1338 1719 qua
1378 1666 1592 1705 narratur

70 1731 285 1776 Croesum
315 1746 341 1774 a
373 1731 613 1774 Persarum
644 1731 794 1787 aliquo
826 1734 1032 1774 necatum
1073 1731 1150 1781 iri,
1194 1732 1281 1773 nisi
1326 1732 1443 1774 filius
1490 1748 1590 1788 pro-

69 1800 303 1845 hibuisset.
364 1815 495 1857 quam
536 1800 726 1843 inseruit
760 1800 1014 1843 Herodotus
1055 1801 1101 1843 in
1140 1801 1395 1844 continuam
1435 1816 1591 1844 narra-

69 1871 235 1915 tionem
279 1871 490 1926 Lydiam,
550 1872 601 1913 ut
645 1870 758 1913 illud
803 1872 992 1925 Κροῖσον
1038 1870 1284 1926 ἐζώγρησαν
1329 1871 1589 1928 explicaret.

68 1954 181 1998 quae
219 1940 425 1992 historia,
473 1956 568 1983 cum
602 1940 875 1997 Delphorum
919 1940 1147 1982 oraculum
1184 1940 1451 1994 celebretur,
1496 1941 1590 1984 sine

69 2009 165 2054 ulla
206 2009 488 2053 dubitatione
520 2009 706 2066 Delphis
750 2012 852 2052 orta
891 2013 972 2052 est.
1034 2009 1152 2065 quod
1197 2011 1412 2065 probatur
1455 2010 1591 2053 etiam

70 2079 275 2123 versibus
306 2080 497 2136 proditis
519 2081 562 2135 ¹).

184 2162 226 2215 3)
272 2161 505 2218 Capitibus
527 2162 584 2204 86
611 2163 658 2204 et
680 2162 735 2203 87
758 2160 1027 2203 describitur
1053 2160 1239 2203 fortuna
1261 2160 1416 2203 Croesi
1438 2160 1589 2216 ipsius.

70 2244 182 2288 quae
203 2231 427 2274 Herodoti
453 2230 696 2288 descriptio
731 2245 784 2273 ex
817 2231 944 2273 unico
976 2230 1104 2273 fonte
1135 2245 1224 2272 non
1255 2230 1398 2272 fluxit.
1461 2245 1590 2287 quam

69 2315 166 2343 cum
187 2299 425 2357 diligentia
445 2300 680 2356 perlegens
703 2314 939 2356 cognosces
961 2314 1056 2342 eam
1085 2299 1171 2342 duo
1193 2299 1386 2342 culmina
1409 2299 1589 2342 habere:

68 2369 113 2426 a)
144 2369 397 2414 celebratur
427 2368 564 2412 Solon
594 2383 621 2412 a
652 2368 818 2412 Croeso
858 2369 978 2426 ipso:
1030 2372 1117 2411 Τὸν
1155 2369 1211 2411 ἂν
1250 2369 1335 2423 ἐγὼ
1376 2376 1481 2412 πᾶσι
1523 2387 1587 2411 τι·-

70 2439 268 2494 ράννοισι
307 2442 570 2495 προετίμησα
621 2440 819 2494 μεγάλων
873 2439 1102 2494 χρημάτων
1142 2439 1183 2489 ἐς
1229 2441 1382 2492 λόγουῦΊ
1431 2439 1589 2480 ἐλθεῖν.

12 2514 16 2521 ’
70 2507 292 2566 sapientia
312 2508 486 2552 Graeca
506 2509 617 2552 vicit
650 2508 904 2565 superbiam
926 2511 973 2552 et
994 2508 1261 2551 dementiam
1283 2509 1591 2551 barbarorum.

68 2577 115 2632 b)
159 2577 413 2621 celebratur
440 2578 652 2635 Apollon,
694 2578 770 2635 qui
802 2592 903 2620 suos
936 2577 1072 2621 etiam
1104 2592 1127 2620 e
1159 2577 1258 2634 rogi
1288 2577 1474 2620 flammis
1507 2577 1590 2619 eri-

69 2645 220 2705 piendi
249 2649 524 2704 potestatem
553 2647 730 2691 habeat.

190 2805 225 2849 1)
252 2803 299 2839 cf.
327 2804 424 2847 Oeri,
450 2803 515 2839 1.1.
542 2815 623 2848 pag.
656 2807 708 2838 14.
