1915 3190
739 141 1026 179 -30-

118 257 363 300 editissimo
397 256 504 306 loeo,
537 270 590 297 ex
623 270 709 311 quo
742 259 867 296 erant
904 253 1047 295 omnia
1082 252 1343 309 spectaturi.
1409 259 1640 308 postquami

118 327 266 382 (fix-rus
306 342 401 368 cum
445 325 650 367 universo
692 324 890 365 exercitu
925 327 967 364 et
1005 323 1191 364 maxima
1236 323 1368 364 turbu
1401 326 1443 363 et
1478 321 1639 363 civium

117 402 161 439 et
211 394 542 453 peregrinorum
588 393 853 437 adfuerunt.
903 393 1091 434 Croesus
1138 407 1232 432 eum
1282 390 1641 448 quuttn‹‚1·‹lv‹·i111

117 465 371 524 proceribus
403 464 621 507 adductus
654 471 734 504 est.
788 461 1023 520 quodcum
1060 460 1275 505 viderent,
1313 461 1481 512 ingenti
1518 460 1640 501 luctu

115 548 167 577 ac.
198 533 350 576 dolore
382 533 587 576 eouunoti
621 537 720 574 suut
758 547 842 574 non
877 530 1003 573 modo
1039 529 1168 586 Lydi,
1215 529 1288 571 sed
1334 530 1468 571 etium
1511 529 1638 571 multi

115 603 208 655 alii,
232 603 306 660 qui
330 602 606 645 subditorum
630 618 735 655 erga
763 601 885 643 illum
911 600 1265 643 benevolentiam
1289 598 1640 641 adminabantur.

116 672 193 716 sed
214 687 477 731 quamquam
504 671 546 714 hi
572 672 793 714 ululatum
816 687 866 713 ac
888 670 1102 723 gemitum
1128 669 1419 721 sustulerunt,
1455 670 1641 710 Croesus

116 742 210 800 ipse
242 742 379 785 oculis
412 742 537 784 sim-is
572 741 816 784 incedebat.

230 812 275 866 2)
322 812 409 865 Qui
432 827 528 854 cum
553 827 689 867 usque
712 810 768 854 ad
792 813 963 867 (flvrum
987 810 1277 867 pervenisset,
1310 810 1364 851 ab
1388 827 1437 850 eo
1462 808 1639 865 petivit.

115 885 167 925 ut
190 881 307 924 filius
330 887 478 924 mutus
501 880 810 924 adduceretur.
863 880 1143 937 conspicatus
1174 879 1324 930 filium,
1360 894 1488 935 quem
1514 877 1641 919 multi

115 951 323 1008 aequales
356 951 495 994 secuti
538 954 654 994 sunt.
702 950 746 993 in
788 951 938 993 fletum
981 949 1154 993 solutus
1187 953 1267 991 est.
1331 953 1424 991 tum
1459 947 1538 988 hoe
1571 946 1641 988 die

118 1021 242 1064 vitae
286 1020 587 1063 infelicissimo
632 1020 869 1063 secundum
917 1019 1029 1062 illud
1073 1019 1297 1062 oraculum
1346 1018 1462 1060 tilius
1495 1020 1642 1059 mutus¹

117 1105 266 1133 vocem
291 1090 470 1147 recepit.
519 1091 594 1147 qui
618 1096 853 1147 postquam
876 1106 901 1132 a
925 1089 1018 1132 deis
1041 1088 1255 1132 auxilium
1274 1088 1439 1145 petivit
1458 1090 1641 1138 frustra,

114 1158 275 1202 Persas
327 1175 371 1202 se
424 1160 566 1216 ipsum
618 1159 768 1202 eodem
823 1175 928 1215 rogo
981 1173 1261 1201 concremare
1310 1158 1452 1200 iussit.
1527 1155 1645 1213 quod

118 1228 306 1272 Croesus
331 1228 607 1286 repudiavit:
642 1229 783 1272 solum
817 1245 860 1272 se
894 1229 1055 1271 bellum
1081 1227 1300 1270 intulisse.
1353 1226 1471 1268 filius
1494 1229 1643 1268 autem

116 1313 144 1342 a
175 1302 304 1356 patre
336 1298 561 1341 discedere
602 1299 761 1344 noluit.
806 1315 903 1341 eum
949 1314 1047 1355 spes
1079 1298 1201 1340 vitae
1247 1297 1327 1339 sibi
1373 1295 1515 1338 adhuc
1557 1311 1644 1337 non

118 1372 382 1425 superesset.
444 1368 520 1410 sed
552 1373 683 1425 pater
715 1369 767 1413 ei.
803 1384 900 1410 cum
932 1373 1048 1410 esset
1082 1367 1266 1419 iuvenis,
1301 1366 1479 1421 longam
1503 1365 1644 1408 vitam

117 1453 345 1496 superesse
388 1437 537 1481 dicens
582 1454 678 1481 eum
723 1438 978 1490 admonuit,
1033 1454 1087 1480 ne
1128 1436 1333 1478 fiduciam
1376 1437 1421 1478 in
1464 1435 1644 1477 deorum

118 1508 296 1552 numine
321 1508 512 1565 positam
535 1508 744 1551 abiceret.
795 1509 966 1551 interea
995 1506 1241 1564 complures
1273 1505 1464 1548 ancillae
1496 1508 1643 1547 vestes

115 1578 339 1635 pretiosas
361 1582 407 1621 et
429 1578 622 1635 plurima
644 1578 783 1621 omnis
805 1578 981 1634 generis
1000 1582 1274 1619 ornamenta.
1298 1590 1411 1633 quae
1430 1575 1644 1617 miserant

116 1646 349 1704 Lydorum
380 1651 623 1699 matronae,
657 1648 927 1691 attulerunt.
991 1649 1178 1689 (r'sroesus
1202 1645 1340 1688 filium
1373 1650 1419 1688 et
1451 1645 1644 1701 reliquos

116 1716 271 1774 Lydos
305 1717 644 1760 circumstantes
678 1716 962 1760 deosculatus
996 1717 1039 1758 in
1072 1731 1227 1771 rogum
1259 1713 1471 1757 ascendit.
1526 1714 1644 1756 filius

117 1787 281 1830 iterum
312 1787 527 1829 auxilium
560 1786 742 1829 deorum
773 1801 1010 1842 exposcens
1043 1786 1119 1829 vix
1152 1785 1339 1828 retineri
1370 1785 1545 1842 potuit,
1590 1800 1644 1826 ne

119 1859 293 1914 patrem
325 1861 587 1913 sequeretur
617 1856 662 1898 in
694 1871 862 1912 rogum.

233 1927 276 1982 3)
326 1927 515 1969 Interim
548 1942 653 1969 vero
687 1926 867 1982 Sibylla
899 1942 921 1969 e
953 1926 1129 1968 sublimi
1173 1924 1363 1983 quodam
1406 1925 1502 1967 loco
1543 1939 1643 1981 pro-

116 2010 270 2054 gressa
308 1996 501 2039 carmine
534 1996 692 2039 Persas
734 1995 978 2048 admonuit,
1023 1999 1074 2038 ut
1106 2010 1133 2038 a
1164 1995 1328 2038 scelere
1360 1993 1642 2037 desisterent.

117 2079 382 2124 quamquam
425 2065 574 2122 Cyrus
618 2065 766 2108 Persis
811 2066 971 2122 exponi
1016 2065 1241 2107 oraculum
1284 2064 1437 2117 iussit,
1494 2066 1645 2106 tamen

117 2135 280 2179 Persae
310 2136 481 2178 monita
512 2135 717 2192 Sibyllae.
746 2135 1038 2192 neglegentes
1070 2150 1227 2191 rogum
1259 2133 1568 2177 incendebant.

231 2206 276 2255 4)
329 2204 501 2248 Deinde
547 2205 747 2248 omnibus
794 2205 1030 2248 silentibus
1082 2204 1270 2248 Croesus
1322 2207 1394 2246 ter
1440 2202 1645 2246 Solonem

120 2274 349 2332 appellare
381 2275 540 2332 coepit.
602 2275 751 2331 Cyrus
783 2274 891 2318 haee
924 2274 1108 2317 audiens
1150 2274 1289 2324 flevit,
1332 2289 1429 2316 cum
1471 2272 1645 2315 facinus

119 2343 351 2401 indignum
382 2344 659 2388 committere
699 2360 766 2398 se,
812 2345 889 2402 qui
931 2359 1082 2400 regem
1121 2343 1262 2386 nihilo
1303 2343 1559 2386 inferiorem
1600 2357 1645 2384 se

120 2414 216 2471 ipso
259 2418 498 2468 cremaret,
542 2414 856 2457 intellexisset.
928 2416 1024 2456 tum
1068 2413 1241 2457 demum
1286 2413 1449 2456 Persae.
1496 2427 1646 2468 regem

118 2498 245 2527 suum
275 2487 493 2527 maestum
515 2483 732 2533 videntes.
764 2483 1023 2527 conturbati
1045 2499 1202 2540 rogum
1223 2483 1510 2538 exstinguere
1534 2480 1645 2537 Cyri

121 2553 244 2596 iussu
273 2557 527 2610 coeperunt.
1315 2545 1320 2551 ’

235 2623 279 2678 5)
329 2623 439 2666 Cum
481 2626 632 2666 autem
663 2623 754 2667 vim
798 2623 999 2666 flammae
1032 2622 1279 2679 opprimere
1322 2637 1409 2664 non
1450 2625 1644 2678 possent,

122 2691 310 2735 Croesus
341 2691 568 2748 Apollinis
609 2707 736 2750 opem
775 2695 983 2749 precatus
1025 2707 1117 2734 esse
1158 2691 1336 2733 dicitur.
1398 2694 1495 2733 tum
1525 2691 1646 2733 forte

120 2764 220 2805 erat
252 2764 495 2818 tempestas
527 2776 553 2804 a
582 2762 725 2819 primo
756 2761 861 2804 solis
885 2776 928 2803 01
941 2766 1000 2804 tu.
1054 2760 1263 2817 dispersis
1286 2760 1475 2802 nubibus
1497 2759 1646 2803 subito

119 2831 367 2874 coniunctis
413 2831 570 2888 ingens
616 2831 756 2874 imber
801 2846 899 2874 cum
941 2830 1155 2874 tonitruis
1199 2833 1245 2873 et
1288 2829 1548 2872 fulminibus
1592 2828 1646 2872 de
