2009 3201
965 173 1248 214 —48—

353 303 485 343 aegre
526 288 741 329 ferebant.
785 312 839 316 —
880 301 1052 342 quoquo
1094 286 1221 329 modo
1266 303 1334 330 res
1376 303 1421 330 se
1461 287 1618 340 habet,
1663 288 1862 331 narratio

353 356 525 398 Xanthi
546 357 730 412 praebet
752 355 876 397 nobis
898 370 1048 397 veram
1074 356 1284 397 fabellam
1306 356 1512 412 Lydiam,
1547 371 1676 413 quam
1698 359 1863 399 retrac-

353 426 525 467 tatione
547 425 723 466 Nicolai
743 424 772 480 ¹)
805 424 1027 466 rhetorica
1050 424 1247 467 amisisse
1268 428 1377 481 puto
1400 426 1613 468 nonnulla
1635 425 1692 468 acl
1721 426 1864 468 locum

353 494 636 550 pertinentia.

636 770 762 814 VIII..
811 770 889 813 De
920 769 1187 814 Plutarchi
1204 770 1233 824 2)
1266 771 1580 816 narratione.

467 862 733 905 Plutarchus
756 863 802 904 in
824 863 933 914 vita⁷
967 877 1079 918 quae
1101 863 1360 906 inscribitur
1382 863 1529 918 Solon,
1563 879 1655 921 cap.
1675 865 1730 906 27
1751 865 1866 907 illud

351 931 524 974 Solonis
569 935 614 974 et
658 933 809 975 Croesi
854 933 1156 975 commercium
1199 936 1367 976 narrat.
1440 949 1532 991 cap.
1566 935 1620 976 28
1665 934 1864 977 continet

350 1001 564 1043 historiae
597 1002 724 1043 finem
749 1005 793 1044 01
817 1016 1038 1055 summam,
1072 1018 1185 1058 quae
1216 1003 1261 1045 in
1294 1018 1345 1045 ea
1375 1019 1422 1045 re
1454 1003 1715 1057 consistunt,
1749 1003 1867 1061 quod

352 1070 538 1112 Croesus
571 1071 761 1126 sapienti
794 1070 968 1113 Solonis
1000 1072 1183 1114 consilio
1217 1075 1434 1115 servatur.

848 1202 884 1244 I.
936 1202 1356 1259 Argumentum.

466 1282 651 1324 ([5],*(›esus
674 1286 910 1340 postquam
933 1284 1093 1327 amissa
1115 1287 1223 1328 urbe
1244 1286 1289 1327 in
1312 1286 1425 1340 Cyri
1446 1288 1718 1342 potestatem
1740 1286 1865 1329 venit

348 1352 394 1393 in
417 1367 572 1407 rogum
594 1353 739 1394 Persis
764 1356 809 1395 et
833 1353 950 1408 Cyro
973 1355 1281 1410 praesentibus
1304 1355 1535 1412 impositus
1568 1370 1728 1411 magna
1759 1371 1866 1398 voce

348 1424 419 1463 ter
451 1422 717 1463 exclamavit
740 1421 955 1465 Solonem.
1011 1424 1157 1479 Cyrus
1179 1424 1366 1467 miratus
1388 1425 1510 1467 misit
1532 1425 1782 1481 quaesitum
1813 1440 1866 1467 ex

350 1506 412 1541 eo,
446 1490 653 1546 quidnam
684 1491 765 1533 1100
798 1492 881 1534 sibi
915 1493 1068 1535 vellet.
1121 1494 1197 1550 qui
1227 1494 1340 1535 nihil
1372 1493 1652 1536 dissimulans
1682 1494 1866 1536 rettulit

348 1563 554 1602 accurate
585 1560 697 1602 illud
729 1562 1034 1604 commercium
1065 1565 1111 1605 et
1143 1563 1409 1619 colloquium
1441 1579 1537 1605 cum
1559 1563 1721 1606 Solone
1742 1563 1864 1606 habi-

348 1630 454 1681 111111,
489 1629 575 1685 qui,
609 1645 873 1686 quamquam
905 1646 1051 1673 omnes
1087 1647 1186 1674 suos
1218 1632 1451 1674 thesauros
1483 1632 1683 1685 vidisset,
1715 1635 1865 1675 tamen

350 1713 402 1739 ex
433 1698 513 1740 illa
544 1699 726 1741 fortuna
757 1699 836 1742 has
868 1715 938 1742 res
970 1700 1179 1744 adversas
1212 1716 1436 1757 augurans
1460 1717 1505 1744 se
1525 1701 1780 1754 monuisset,
1813 1705 1864 1744 ut

348 1767 477 1809 finem
518 1768 640 1811 vitae
685 1772 921 1825 spectaret.
983 1771 1140 1826 quibus
1185 1771 1350 1814 auditis
1396 1772 1565 1827 Cyrus,
1611 1787 1708 1814 cum
1749 1774 1865 1814 esset

349 1838 593 1893 sapientior
625 1839 785 1881 Croeso
828 1842 873 1881 et
915 1841 1114 1896 exemplo
1147 1841 1322 1884 videret
1353 1842 1660 1883 confirmatum
1691 1840 1864 1884 Solonis

350 1922 600 1961 sermonem,
645 1924 733 1950 non
776 1908 903 1951 morlo
945 1909 1157 1953 liberavit
1190 1911 1410 1964 Croesum,
1455 1911 1531 1953 sed
1571 1911 1717 1964 etiam,
1763 1910 1866 1953 dum

348 1976 477 2018 vixit.
511 1976 749 2020 honoribus
782 1979 946 2021 affecit.
1008 1979 1161 2022 Soloni
1204 1983 1353 2023 autem
1384 1981 1481 2023 laus
1513 1980 1751 2023 tribuenda
1782 1983 1861 2034 031,

348 2044 464 2100 quod
496 2062 580 2087 11110
613 2046 732 2089 (11010
765 2047 949 2090 (luorum
991 2064 1146 2105 regum
1186 2049 1379 2092 alterum
1416 2050 1627 2102 servavit,
1673 2050 1864 2092 alterum

351 2114 556 2157 erudivit.

827 2221 888 2262 H.
941 2220 1017 2263 De
1047 2221 1310 2265 fontibus
1330 2222 1373 2278 3).

464 2298 672 2341 Fontium
713 2301 946 2344 Plutarchi
986 2302 1236 2359 exploratio
1278 2306 1346 2345 est
1387 2303 1518 2346 valde
1558 2303 1770 2358 difficilis,
1812 2308 1864 2348 ut

348 2380 449 2407 raro
482 2369 726 2422 proximum
760 2371 930 2413 fontem
961 2371 1248 2415 inveniamus.
1312 2372 1388 2415 sed
1428 2373 1510 2415 hoc
1549 2373 1644 2416 loco
1686 2374 1863 2417 difficile

470 2499 502 2535 1)
531 2497 612 2531 Sine
641 2497 747 2532 dubio
767 2499 937 2533 Nic-olaus
955 2502 1201 2536 narrationem
1219 2502 1357 2536 Xanthi
1374 2503 1606 2536 commutavit
1624 2503 1707 2546 Cyri
1724 2503 1862 2546 gratia:

348 2553 449 2587 initio
488 2555 681 2598 fragmenti
716 2557 886 2600 legimus:
925 2570 1142 2603 quamquam
1169 2561 1281 2605 Cyrus
1308 2561 1385 2604 ipse
1413 2561 1585 2595 Croesum
1610 2561 1862 2606 miserabatur,

348 2615 467 2646 tamen
493 2613 625 2648 Persae
652 2626 777 2659 rogum
804 2620 1026 2652 struxerunt.
1069 2618 1198 2653 deinde
1216 2620 1390 2663 scriptum
1416 2623 1488 2654 est:
1518 2630 1733 2663 quamquam
1751 2621 1863 2665 Cyrus

350 2671 468 2705 Persis
495 2673 604 2706 verba
631 2674 787 2718 Sibyllae
823 2677 953 2720 exponi
988 2678 1102 2720 iussit,
1137 2682 1257 2712 tamen
1289 2678 1422 2712 Persae
1456 2689 1581 2723 rogum
1615 2678 1862 2714 incenderunt.

349 2731 460 2773 syrus
488 2731 595 2773 flevit,
623 2744 699 2766 cum
729 2734 897 2768 Croesum
924 2736 959 2768 in
986 2747 1073 2779 rogo
1101 2740 1256 2771 stantem
1282 2736 1436 2771 videbat.

466 2795 502 2830 2>
530 2792 573 2825 cf.
602 2792 816 2836 Wendland,
844 2793 876 2828 d.
904 2806 955 2837 gr.
987 2796 1108 2838 Prosa,
1137 2796 1159 2829 l.
1178 2797 1200 2830 l.
1228 2807 1309 2840 pag.
1337 2798 1403 2830 372
1416 2807 1468 2840 sq.

472 2852 508 2887 3)
536 2850 587 2883 De
602 2851 695 2885 l‘lut.
713 2852 794 2886 vitis
809 2852 854 2886 cf.
872 2854 956 2897 Leo,
976 2853 1032 2888 (110
1051 2855 1290 2898 g1·iecli.-ron1.
1308 2855 1540 2900 Biographie3
1569 2866 1649 2900 pag.
1667 2857 1862 2891 146—192.
