1968 3206
839 165 1122 206 -62-

221 277 297 333 qui
327 277 513 331 tyranni
546 276 768 319 Paeonum
799 292 892 320 esse
924 278 1147 332 volebant,
1182 284 1400 323 venerunt
1432 282 1604 336 Sardes,
1638 298 1733 325 cum

220 347 392 388 Dareus
414 346 475 387 ibi
500 349 765 399 versaretur,
796 362 939 389 secum
960 348 1169 391 ducentes
1194 365 1397 393 sororem.
1447 353 1733 395 observantes

221 432 369 471 regem
414 416 714 462 considentem
759 417 805 458 in
851 418 1055 460 Sardium
1097 421 1304 462 suburbio
1352 422 1554 464 fecerunt
1601 422 1732 465 haec:

220 486 435 527 miserunt
458 501 649 528 sororem
681 486 738 528 ad
765 477 926 542 aquam
945 503 1100 530 urnam
1131 489 1278 545 capite
1313 490 1542 544 ferentem,
1578 507 1736 547 equum

220 554 398 596 brachio
421 554 665 607 ducentem,
689 555 828 597 linum
850 557 1048 598 manibus
1071 561 1261 600 nentem.
1310 573 1422 614 quae
1444 574 1540 601 cum
1564 560 1734 602 Dareus

220 623 416 676 videret,
462 624 647 666 miratus
690 624 899 666 feminam
942 624 1152 667 advocari
1196 626 1338 668 iussit.
1402 628 1555 670 statim
1599 629 1734 670 etiam

220 693 387 734 fratres
428 692 680 743 adfuerunt,
726 693 800 749 qui
832 708 858 735 a
890 694 1034 735 Dareo
1066 694 1349 750 interrogati,
1394 697 1469 752 qui
1511 699 1657 739 essent
1690 700 1736 739 et

221 761 327 817 quid
348 761 428 803 hoc
451 762 534 803 sibi
556 762 707 815 vellet,
732 762 1056 818 respondebant
1079 779 1123 805 se
1147 779 1238 805 esse
1261 764 1457 807 Paeones
1481 768 1526 807 et
1548 766 1733 819 venisse,

220 834 271 872 ut
303 846 347 873 se
379 831 495 887 ipsos
528 830 741 873 dederent
773 832 883 887 regi.
946 833 1015 874 cui
1059 833 1293 889 quaerenti
1337 833 1546 877 dixerunt
1588 850 1734 877 omnes

220 900 444 942 Paeonum
465 900 670 943 mulieres
694 916 787 943 esse
809 904 901 943 tam
923 901 1166 944 industrias
1186 917 1315 958 quam
1335 918 1539 945 sororem.
1578 903 1735 946 deinde

220 970 391 1012 Dareus
434 969 671 1011 constituit
711 970 907 1012 Paeones
941 986 962 1012 e
995 970 1184 1012 Thracia
1225 971 1459 1013 traducere
1490 972 1535 1013 in
1565 972 1732 1014 Asiam.

335 1038 464 1080 Nunc
483 1039 762 1081 narrationes
784 1039 902 1081 inter
925 1054 969 1081 se
991 1054 1303 1095 comparemus.
1354 1041 1400 1082 in
1431 1056 1478 1082 re
1500 1042 1736 1097 praecipue

218 1110 410 1163 utraque
453 1108 697 1149 consentit:
755 1108 1024 1163 explicatur,
1073 1109 1288 1165 quomodo
1332 1109 1438 1152 illae
1481 1113 1637 1165 gentes
1682 1126 1735 1153 ex

220 1177 400 1232 Europa
430 1178 717 1233 pervenerint
739 1178 784 1219 in
805 1178 981 1232 Asiam;
1017 1181 1062 1220 et
1094 1193 1226 1221 causa
1258 1179 1482 1235 repetitur
1513 1194 1538 1221 a
1570 1180 1736 1222 femina

218 1246 451 1288 industria.
514 1247 713 1303 alioquin
768 1250 917 1289 autem
962 1248 1242 1290 narrationes
1287 1248 1406 1290 inter
1449 1264 1494 1291 se
1538 1249 1732 1291 distant:

219 1330 298 1371 pro
320 1315 517 1370 Alyatte
545 1316 791 1359 invenimus
814 1316 931 1372 apud
952 1317 1229 1359 Herodotum
1250 1317 1456 1370 Dareum,
1490 1333 1569 1373 pro
1591 1318 1734 1373 Mysis

219 1384 435 1438 Paeones3
460 1385 506 1426 in
523 1385 700 1427 Nicolai
720 1386 874 1427 fabula
890 1385 1109 1440 Alyattes
1133 1400 1237 1428 casu
1260 1387 1475 1442 conspicit
1492 1387 1733 1440 mulierem,

220 1453 295 1495 sed
325 1453 443 1509 apud
473 1454 749 1496 Herodotum
782 1455 927 1497 omnia
959 1456 1172 1498 eveniunt
1206 1456 1403 1498 consilio.

335 1523 541 1565 Alteram
571 1525 625 1565 ab
657 1524 801 1566 altera
832 1524 1024 1580 pendere
1055 1527 1257 1580 apparet.
1319 1525 1550 1580 quaeritur
1580 1525 1735 1580 igitur,

217 1595 322 1634 utra
364 1593 422 1634 sit
462 1593 595 1648 prior.
659 1593 751 1635 sine
795 1593 926 1635 dubio
958 1594 1135 1635 Nicolai
1176 1594 1377 1635 narratio
1420 1597 1487 1636 est
1528 1594 1734 1649 genuina,

219 1676 331 1718 quae
362 1662 567 1717 intellegi
606 1665 757 1718 potest
799 1662 891 1704 sine
922 1663 1015 1704 ulla
1046 1662 1316 1705 difficultate
1337 1663 1379 1718 1).
1440 1661 1486 1704 in
1517 1662 1737 1704 Herodoti

218 1731 475 1773 narratione
517 1731 634 1773 inest
675 1731 845 1787 aliquid
894 1732 1087 1773 obscuri:
1143 1731 1249 1787 quid
1290 1732 1458 1773 fratres
1498 1730 1659 1773 bacin
1688 1746 1737 1773 re

220 1800 303 1842 sibi
333 1800 489 1853 velint,
523 1800 700 1842 difficile
733 1803 800 1842 est
830 1800 1078 1842 intellectu.
1135 1800 1251 1857 quod
1274 1801 1389 1843 oculi
1410 1801 1530 1856 regis
1554 1800 1736 1842 consilio

219 1868 276 1911 ad
317 1869 526 1911 feminam
568 1872 902 1923 convertuntur,
947 1869 993 1911 id
1032 1869 1214 1912 videtur
1259 1885 1351 1912 esse
1394 1870 1564 1924 fictum3
1610 1884 1736 1911 casus

218 1938 534 1994 praeferendus
568 1941 647 1980 est.
708 1942 943 1995 praeterea
972 1941 1078 1981 urbs
1111 1939 1315 1981 Sardium
1348 1939 1513 1995 optime
1544 1938 1737 1995 quadrat

220 2007 277 2050 ad
298 2007 550 2063 Alyattem,
574 2023 722 2064 regem
743 2008 984 2063 Lydorum,
1008 2024 1096 2050 non
1118 2008 1176 2050 ad
1200 2009 1404 2051 Dareum.
1456 2008 1575 2064 apud
1595 2008 1735 2050 Hero-

220 2077 373 2119 dotum
405 2077 517 2120 duae
547 2078 728 2120 fabulae
758 2079 877 2120 inter
909 2093 953 2120 se
985 2078 1248 2120 commixtae
1280 2080 1395 2131 sunt,
1439 2092 1526 2134 qua
1556 2092 1603 2119 re
1634 2079 1737 2119 tota

219 2147 419 2189 narratio
452 2146 616 2189 discors
649 2150 784 2203 atque
816 2147 992 2189 dissona
1024 2150 1091 2189 est
1121 2147 1268 2189 facta:
1307 2147 1346 2200 1)
1378 2146 1544 2189 fratres
1567 2145 1734 2202 cupidi-

219 2218 318 2258 tate
359 2215 613 2258 dominandi
655 2216 860 2258 commoti
900 2217 1094 2258 offerunt
1131 2216 1228 2271 regi
1258 2215 1470 2272 populum
1502 2231 1638 2268 suum,
1683 2217 1736 2257 ut

221 2285 430 2339 subiciat3
466 2286 508 2339 2)
539 2285 693 2327 fabula
717 2285 912 2327 mulieris
944 2284 1211 2327 industriae.
1247 2311 1295 2315 —-
1331 2285 1488 2341 quibus
1521 2301 1573 2327 ex
1604 2286 1735 2327 rebus

221 2357 408 2410 apparet
437 2354 739 2396 narrationem
780 2354 832 2396 de
873 2354 1056 2396 muliere
1087 2354 1312 2396 industria
1341 2355 1611 2396 translatam
1642 2368 1734 2396 esse

221 2425 274 2466 ab
306 2423 504 2479 Alyatte
536 2426 581 2465 et
612 2423 753 2479 Mysis
786 2424 842 2466 ad
871 2424 1067 2466 Dareum
1100 2426 1145 2466 et
1176 2424 1388 2466 Paeones.

344 2555 376 2595 1)
403 2552 485 2586 Heil
524 2551 666 2595 quidem
704 2552 779 2591 (1.1.
807 2562 887 2595 pag.
915 2554 958 2585 33
986 2551 1067 2585 adn.
1098 2555 1132 2595 1«)
1171 2562 1236 2595 pro
1274 2551 1462 2594 explorato
1498 2551 1607 2585 habet
1642 2551 1734 2584 hanc

222 2610 363 2644 Nicolai
400 2611 644 2645 narrationem
681 2621 760 2645 esse
795 2610 1044 2654 depromptam
1080 2621 1123 2644 ex
1158 2609 1354 2644 Herodoto.
1406 2610 1607 2643 arbitratur
1642 2610 1732 2643 enim

222 2669 432 2714 Dionysium
460 2669 799 2714 Scytobrachionem
834 2670 922 2704 haec
957 2680 1000 2703 ex
1027 2668 1212 2704 Herodoto
1240 2669 1349 2703 verba
1384 2669 1420 2703 in
1446 2669 1583 2702 Xanthi
1609 2678 1734 2702 narra-

222 2729 354 2762 tionem
389 2729 583 2763 inseruisse
618 2728 741 2772 paucis
778 2729 924 2762 mutatis
959 2732 994 2762 et
1029 2729 1135 2762 rebus
1173 2732 1208 2762 et
1234 2728 1446 2762 nominibus.
1497 2728 1586 2761 haec
1613 2727 1734 2770 opinio

223 2787 433 2822 confutatur
459 2799 537 2822 cum
563 2789 617 2831 iis,
645 2798 736 2830 quae
763 2798 873 2830 supra
899 2786 942 2822 de
968 2788 1122 2830 genuino
1148 2787 1294 2821 Xantho
1321 2786 1485 2829 diximus,
1524 2790 1599 2820 tum
1634 2786 1733 2819 testi-

223 2847 339 2881 monio
365 2847 586 2891 insequente.
