2009 3201
953 175 1241 216 *25-

343 296 378 337 si
414 297 535 336 recte
558 293 817 335 coniecimus
849 290 961 333 nihil
992 291 1106 333 certi
1138 291 1190 333 de
1222 290 1377 333 Croesi
1409 290 1593 332 fortuna
1625 288 1858 345 comperiri

343 364 553 420 potuisse.
615 363 890 403 narrabatur
924 360 977 402 de
1009 375 1130 415 rogO,
1166 360 1219 401 de
1247 359 1447 412 vinculis,
1481 358 1534 401 de
1565 358 1779 400 miraculo
1813 360 1859 400 et

344 433 458 488 Cyri
481 431 847 487 magnanimitate
869 429 1093 472 servantis
1117 428 1330 471 Croesum
1364 430 1410 470 et
1432 438 1530 471 eum
1551 428 1596 470 in
1618 428 1858 470 amicorum

341 516 523 544 numero
568 500 836 556 recipientis.
910 499 976 541 ita
1019 498 1118 540 fieri
1163 498 1331 554 potuit,
1388 500 1440 540 ut
1493 497 1610 540 varii
1660 497 1713 539 de
1764 497 1856 540 eius

343 571 439 613 fato
473 584 692 613 sermones
726 569 861 610 etiam
891 567 1120 610 Herodoto
1153 567 1251 609 noti
1283 573 1442 609 essent.

460 641 500 693 1)
547 640 623 681 De
656 638 998 680 narratione
1031 636 1235 692 Lydia:
1283 637 1377 679 sine
1409 637 1541 679 dubio
1574 637 1709 679 etiam
1741 635 1859 693 apud

341 709 492 765 Lydos
525 708 604 749 illa
635 707 847 760 historia,
889 721 976 762 qua
1007 706 1198 749 Croesus
1231 706 1461 748 ferebatur
1493 720 1538 748 se
1571 706 1713 762 ipsum
1746 720 1859 748 com-

342 780 500 820 burere
532 777 740 828 voluisse,
773 778 1059 818 narrabatur.
1114 776 1188 818 sed
1211 775 1429 831 paulatim
1459 775 1541 817 hoc
1572 775 1727 818 Croesi
1759 790 1858 818 con-

343 848 488 889 silium
532 847 618 889 iam
658 861 746 888 non
786 845 1150 900 intellegebatur.
1213 844 1404 897 accedit,
1449 844 1567 900 quod
1606 845 1736 900 Lydi,
1785 844 1859 901 qui

342 917 446 958 olim
478 916 523 957 in
553 931 733 958 numero
766 915 965 971 gentium
996 914 1410 971 potentissimarum
1437 914 1618 956 fuerant
1649 916 1695 957 et
1726 914 1859 956 socie-

340 988 463 1028 tates
505 985 701 1027 inierant
745 1000 841 1027 cum
872 984 1152 1039 Babyloniis,
1185 984 1443 1040 Aegyptiis,
1483 983 1858 1036 Lacedaemoniis,

341 1055 483 1111 magis
525 1055 754 1110 magisque
798 1054 975 1110 experti
1020 1056 1125 1095 sunt
1161 1053 1459 1096 humilitatem
1502 1053 1650 1109 gloria
1679 1056 1861 1109 patrum

341 1124 592 1180 indignam,
641 1124 762 1179 regis
810 1124 995 1179 imperio
1044 1123 1232 1165 subiecti
1276 1125 1322 1165 et
1367 1123 1627 1179 vectigales.
1702 1122 1858 1179 quibus

340 1196 474 1236 rebus
507 1196 661 1235 natum
692 1195 762 1235 est
793 1193 950 1248 ingens
983 1193 1224 1235 Persarum
1260 1192 1419 1246 odium,
1454 1207 1538 1248 quo
1565 1192 1665 1235 fieri
1694 1192 1858 1249 potuit,

341 1266 392 1305 ut
406 1263 528 1318 Cyro
548 1262 722 1304 crimini
739 1262 938 1315 daretur,
957 1262 1074 1318 quod
1086 1262 1300 1305 Croesum
1315 1263 1572 1304 comburere
1586 1261 1806 1304 voluisset
1816 1261 1858 1314 1),

340 1332 505 1388 Apollo
527 1332 557 1387 2)
589 1332 901 1374 intercessisse
923 1333 1126 1374 ferretur
1149 1331 1316 1386 Cyrum
1338 1346 1628 1384 commovens,
1661 1333 1714 1373 ut
1739 1330 1861 1374 hosti

341 1403 560 1458 parceret.
597 1428 645 1432 ——
682 1402 818 1444 etiam
850 1403 985 1444 verba
1017 1401 1301 1457 insequentia
1343 1401 1509 1457 optime
1550 1400 1776 1457 quadrant
1806 1401 1863 1443 ad

340 1471 544 1513 novellae
578 1471 819 1513 rationem:
863 1473 1029 1513 natura
1070 1486 1225 1526 regum
1258 1470 1530 1513 describitur
1568 1486 1657 1513 non
1698 1469 1861 1523 verbis,

342 1540 419 1582 sed
451 1540 606 1582 factis:
643 1541 836 1583 Croesus
860 1540 1108 1596 sapientem
1130 1540 1274 1582 Virum
1306 1555 1351 1582 se
1375 1542 1580 1595 praestat
1600 1539 1856 1596 impediens,

340 1624 395 1652 ne
426 1624 453 1652 a
484 1610 637 1651 Persis
680 1610 951 1666 diripiantur
992 1609 1169 1651 Sardes.
1234 1608 1403 1665 Cyrum
1444 1611 1593 1652 autem
1630 1609 1860 1652 fabulator

339 1679 512 1734 Lydius
544 1679 683 1721 multo
716 1679 910 1735 iniquius
943 1679 1183 1734 descripsit
1202 1678 1246 1734 3).

462 1801 495 1844 1)
522 1800 684 1835 Eandem
703 1801 918 1835 sententiam
937 1800 1107 1834 dixerunt
1126 1800 1305 1835 Schroder
1324 1801 1435 1845 (Berl.
1456 1800 1583 1834 Philol.
1600 1800 1857 1834 Wochenschr.

348 1862 389 1893 113
417 1860 540 1904 (1898)
568 1870 649 1903 pag.
678 1862 760 1896 325)
788 1864 823 1893 et
848 1860 983 1894 Meiser
1009 1861 1046 1904 (1.
1068 1860 1089 1893 l.
1115 1870 1195 1903 pag.
1223 1861 1295 1904 36).

458 1922 494 1963 2)
523 1918 625 1961 Quod
651 1919 782 1962 Apollo
809 1920 886 1963 ipse
913 1920 1069 1953 servavit
1089 1920 1259 1953 Croesum
1286 1920 1470 1963 peitinere
1497 1923 1776 1953 consentaneum
1803 1922 1857 1953 est

340 1977 386 2012 ad
413 1977 593 2022 Lydorum
629 1978 778 2019 famam,
818 1979 878 2021 qui
914 1990 984 2013 non
1010 1979 1246 2023 ignorabant,
1285 1979 1411 2021 quanti
1444 1989 1508 2013 rex
1542 1989 1627 2013 suus
1654 1978 1859 2022 Apollinem

340 2037 559 2071 aestimaret.

459 2098 495 2135 3)
522 2096 635 2129 Simili
659 2096 801 2130 ratione
828 2101 936 2139 atque
962 2097 1029 2131 hoc
1056 2097 1134 2131 loco
1163 2096 1206 2130 de
1232 2107 1319 2139 rogo
1348 2096 1456 2129 etiam
1482 2095 1526 2129 de
1543 2095 1643 2129 Mida
1668 2105 1754 2139 rege
1780 2105 1858 2130 sen-

340 2155 454 2188 tentia
488 2158 626 2188 mutata
662 2159 717 2189 est
752 2156 788 2189 in
825 2154 960 2189 fabula.
1012 2156 1048 2188 in
1083 2155 1147 2189 illa
1182 2154 1279 2198 apud
1314 2154 1479 2188 Ovidium
1513 2154 1638 2188 fabula
1672 2155 1770 2198 (met.
1796 2154 1858 2197 XI,

342 2216 541 2257 146-193)
581 2213 698 2248 Midas
739 2215 921 2257 vituperat
958 2213 1129 2248 iudicium
1169 2214 1295 2256 Tmoli,
1336 2213 1397 2257 qui
1437 2213 1473 2246 in
1508 2213 1573 2247 lite
1608 2213 1786 2256 Apollinis
1823 2218 1859 2247 et

340 2271 447 2305 Panis
474 2272 527 2305 illi
546 2273 699 2315 palmam
718 2273 857 2308 tribuit.
902 2273 1033 2316 Apollo
1060 2276 1180 2307 autem
1211 2273 1341 2306 multat
1359 2272 1550 2307 stultitiam
1569 2271 1690 2306 Midae
1716 2276 1858 2308 mutans

341 2330 417 2364 eius
445 2341 549 2365 aures
577 2332 612 2364 in
639 2332 743 2365 aselli
770 2342 886 2366 aures.
916 2353 958 2357 -—
988 2332 1101 2376 „Eine
1128 2332 1200 2366 alte
1227 2332 1352 2374 (guelle
1379 2331 1438 2365 fiir
1465 2331 1562 2366 diese
1580 2332 1693 2366 Fabel
1718 2331 1766 2366 ist
1791 2342 1858 2366 uns

340 2389 440 2423 nicht
466 2389 636 2432 bekannt,
663 2390 735 2424 und
754 2391 817 2424 wir
836 2391 978 2426 werden
1005 2392 1057 2426 sie
1084 2392 1176 2425 auch
1194 2391 1293 2425 nicht
1311 2395 1568 2425 voraussetzen
1594 2390 1735 2425 diirfen.
1777 2391 1858 2424 Dass

341 2448 406 2482 der
431 2448 718 2483 Personlichkeit
746 2449 807 2484 des
835 2450 972 2494 Midas,
1011 2450 1140 2485 dessen
1175 2450 1313 2484 Namen
1350 2450 1428 2484 eine
1461 2450 1576 2484 Reihe
1612 2449 1859 2484 bedeutender

340 2507 577 2551 phrygischer
603 2508 741 2551 Konige
768 2513 916 2552 trugen,
953 2510 1209 2554 urspriinglich
1248 2510 1366 2544 nichts
1393 2509 1648 2543 Lacherliches
1683 2508 1858 2543 anhaften

340 2566 485 2609 konnte‚
513 2567 601 2610 liegt
626 2567 692 2601 auf
715 2568 779 2602 der
798 2568 915 2602 Hand.
966 2569 1033 2602 Die
1052 2570 1272 2603 Eselsohren
1296 2569 1455 2613 gehoren
1481 2569 1554 2602 ihm
1580 2578 1648 2602 von
1671 2567 1775 2611 jeher
1801 2578 1857 2609 an,

341 2624 404 2659 das
431 2636 505 2659 war
530 2626 778 2661 feststehende
804 2619 1094 2671 Uberlieferung‚
1131 2629 1196 2662 wie
1223 2629 1299 2662 sich
1326 2629 1436 2663 sehon
1463 2627 1595 2662 daraus
1622 2627 1751 2671 ergibt,
1788 2626 1857 2661 dass

340 2694 421 2717 man
456 2686 548 2718 noch
584 2686 650 2720 auf
682 2686 816 2720 andere
842 2687 965 2721 Wl‘eise
998 2686 1096 2721 diese
1123 2687 1339 2722 auffallende
1365 2687 1594 2731 Missbildung
1619 2698 1664 2721 zu
1690 2686 1858 2721 erklaren

341 2743 476 2786 suchte,
504 2745 572 2788 vgl.
601 2746 716 2779 Schol.
745 2746 930 2790 Aristoph.
958 2746 1052 2780 Plut.
1080 2748 1158 2781 237.
1209 2747 1259 2781 Es
1286 2747 1335 2781 ist
1362 2747 1454 2781 ohne
1480 2746 1643 2781 weiteres
1669 2746 1761 2788 klar,
1788 2744 1857 2779 dass

340 2802 375 2834 in
402 2803 465 2836 der
484 2803 702 2848 Auffassung
729 2805 918 2839 derselben
945 2805 997 2839 als
1025 2805 1146 2840 Strafe
1174 2805 1233 2839 fiir
1261 2806 1339 2840 eine
1357 2806 1565 2840 Dummheit
1589 2805 1706 2839 nichts
1734 2803 1858 2838 weiter

340 2861 393 2894 als
421 2862 478 2895 cin
505 2863 666 2906 witziger
684 2864 1067 2908 Eris!arungsversuch
1094 2865 1154 2899 fiir
1180 2866 1258 2899 eine
1285 2865 1353 2899 den
1380 2865 1557 2899 Griechen
1585 2863 1759 2898 unerhort
1784 2862 1857 2896 und
