1915 3190
691 153 977 194 -45-

75 274 278 330 apparet,
323 286 376 314 ex
418 268 562 326 operis
605 267 850 325 partitione
893 267 1017 310 illum
1062 267 1289 309 universas
1323 265 1497 322 Lydiae
1532 282 1598 308 re<

76 340 359 399 descripsisse
390 341 591 396 apparet.

192 410 270 453 Sin
301 412 451 453 autem
484 407 564 450 hoe
595 422 682 449 uno
717 405 890 449 Nicolai
922 406 1017 449 loco
1049 406 1184 448 alium
1219 410 1385 448 sontem
1421 413 1600 463 praeter

77 478 353 525 Herodotum
385 477 644 535 accepimus.
686 476 729 519 id
761 475 877 534 quod
910 476 1046 518 etiam
1078 475 1350 518 δὀΙιιιΙκιι-ῐιιε,ι
1383 475 1597 520 coneedit.

78 548 186 608 quid
218 548 491 607 probabilius
531 550 599 590 est
630 563 761 604 quum
794 546 928 588 etiam
961 551 1132 588 ceteras
1165 547 1219 588 ab
1255 546 1481 588 Herodoto
1515 546 1599 587 ‹lis-

76 618 331 676 crepantias
377 616 433 660 ad
480 615 664 659 eundem
711 619 937 658 auctorem
991 614 1245 670 ret'cremlas
1292 618 1415 656 esse?
1466 630 1516 656 ae
1566 616 1598 656 si

78 687 310 733 Xanthum
344 703 412 730 res
435 686 587 730 Croesi
619 690 771 741 gestas
793 685 1075 742 descripsisse
1100 700 1354 742 persuasum
1379 685 1599 729 habemus,

78 758 312 802 Nicolaum
345 758 665 800 Damasceuuni
697 754 849 799 eadem
883 756 1079 808 ratione,
1122 771 1209 812 qua
1249 761 1383 797 antea
1426 759 1601 797 secutus

78 832 148 872 est
190 827 444 881 Xanthum,
489 827 621 869 etiam
667 825 748 869 hoc
791 825 886 869 loco
930 841 1051 867 usum
1094 842 1186 867 esse
1227 825 1490 878 gravissimo
1524 824 1600 866 illo

78 902 195 943 teste
229 902 387 955 putare
418 898 628 954 cogimur.

193 968 463 1019 Resta2‚,ut
505 970 844 1024 perscrutemur,
889 963 1105 1021 quomodo
1139 963 1350 1006 Nicolaus
1383 963 1599 1005 Herodoti

80 1040 127 1080 et
166 1036 339 1080 Xanthi
382 1036 664 1079 narrationes
706 1034 1093 1077 contaminaverit.
1169 1034 1381 1090 imprimis
1426 1038 1602 1075 secutus

79 1112 149 1150 est
189 1106 441 1157 Xanthum,
487 1106 609 1148 cuius
655 1106 903 1148 narrationi
949 1105 1135 1146 inseruit
1179 1108 1329 1161 partes
1371 1103 1603 1146 relationis

77 1176 376 1220 Herodoteae.
447 1191 534 1233 qua
577 1177 620 1218 in
666 1191 712 1218 re
755 1175 841 1217 (luo
888 1174 1164 1231 potissimum
1211 1173 1296 1215 loci
1340 1171 1603 1229 respiciendi

84 1250 209 1290 sunt:
243 1246 418 1289 Solonis
440 1246 606 1289 mentio
629 1249 675 1288 et
698 1261 830 1300 rogus
855 1244 1079 1300 Apollinis
1103 1243 1231 1285 imbri
1254 1243 1514 1286 exstinctus.
1549 1267 1603 1272 -—

80 1315 292 1359 fabellam
308 1315 483 1358 Solonis
502 1314 1024 1358 HerodotcamNicolaus
1051 1313 1414 1370 praetermittere
1445 1312 1603 1355 noluit.

81 1384 159 1428 sed
202 1400 300 1428 eum
343 1400 476 1441 rogus
522 1385 608 1428 iam
651 1385 853 1427 incensus
898 1389 1036 1435 esset,
1083 1388 1226 1426 totam
1265 1379 1321 1425 'de
1362 1382 1515 1425 Croesi
1560 1387 1603 1424 et

81 1455 258 1499 Solonis
298 1455 555 1498 commercio
596 1454 897 1497 narrationem
941 1453 1240 1496 Herodoteam
1283 1453 1478 1509 recipere
1518 1467 1605 1494 non

82 1525 246 1583 potnit.
299 1525 452 1582 itaque
485 1539 580 1567 eam
613 1524 761 1567 omisit
795 1529 840 1567 ct
873 1524 966 1566 sine
996 1523 1088 1566 ulla
1111 1523 1410 1580 explicatione
1435 1521 1602 1578 Cyrum

79 1594 387 1638 lacrimantem
418 1595 505 1652 (ap.
528 1594 634 1638 Her.
656 1594 941 1649 μεταγνόντα)
974 1593 1150 1635 induxit
1173 1596 1308 1650 atque
1331 1592 1602 1649 cogitantem

86 1664 260 1707 facinus
291 1664 523 1721 indignum
553 1664 830 1707 committere
862 1679 919 1714 se,
952 1663 1027 1720 qui
1050 1662 1259 1705 Croesum
1292 1666 1522 1704 cremaret.
1554 1687 1601 1692 -—

83 1731 242 1777 deinde
273 1733 442 1777 fabella
471 1733 571 1790 rogi
603 1734 814 1776 exstincti
848 1732 1087 1775 tractanda
1115 1736 1205 1775 est:
1239 1747 1369 1789 quam
1399 1736 1443 1774 ct
1465 1730 1606 1774 Hero-

85 1803 218 1847 dotus
251 1806 297 1846 et
328 1803 537 1846 Xanthus
569 1805 882 1846 narraverunt.
945 1807 1094 1844 utrum
1134 1805 1361 1845 auctorem
1393 1801 1605 1844 Nicolaus

83 1876 260 1916 secutus
304 1873 405 1916 est?
453 1873 683 1916 Xanthum
728 1876 905 1915 secutus
949 1875 1030 1915 est.
1102 1875 1252 1914 exstat
1295 1872 1410 1914 enim
1453 1871 1607 1927 gravis

87 1943 307 1987 varietas:
340 1942 460 2000 apud
490 1942 766 1985 Herodotum
800 1942 939 1984 imber
969 1957 1021 1984 ex
1055 1956 1208 1984 sereno
1241 1941 1362 1984 caelo
1395 1940 1603 1994 defluxit3

83 2013 297 2057 Nicolaus
349 2016 499 2056 autem
550 2012 658 2055 haee
702 2011 836 2054 dicit:
885 2013 1044 2067 χειμὼν
1086 2011 1122 2053 ὁ’
1157 2014 1277 2066 ἔτυχε
1322 2013 1401 2066 τὴν
1448 2010 1608 2066 ᾑμὲραν

82 2082 253 2139 ἐκείνην
293 2083 335 2135 ἐξ
377 2084 503 2138 ἠοῦς,
544 2084 597 2125 οὐ
626 2084 714 2137 μὴν
744 2083 865 2132 ὑετός
896 2098 956 2136 γε.
1017 2095 1104 2138 qua
1144 2080 1445 2138 discrepantia
1477 2080 1608 2123 Nico-

85 2151 205 2195 laum
236 2152 318 2196 hoc
347 2152 443 2195 loeo
473 2167 562 2195 non
592 2151 882 2204 Herodotum,
917 2151 992 2194 sed
1021 2150 1252 2194 Xanthum
1284 2154 1481 2193 secutum
1514 2165 1608 2193 esse.

86 2220 430 2265 demonstratur.
483 2220 729 2264 similitudo
761 2221 1069 2263 narrationum
1106 2219 1358 2276 explicatur
1379 2234 1443 2273 eo,
1476 2218 1606 2277 quod,

85 2294 139 2334 ut
159 2289 362 2342 vidimus,
395 2290 531 2334 etiam
560 2306 694 2348 penes
716 2289 994 2333 Herodotum
1024 2289 1205 2333 novella
1227 2289 1412 2346 originis
1434 2288 1608 2345 Lydiae

84 2361 177 2404 fuit
194 2361 238 2417 ¹).
271 2386 322 2393 —

492 2503 569 2546 De
602 2502 820 2546 Xanthi
850 2503 1207 2545 narratione.

201 2596 447 2654 Postquam
490 2597 537 2640 in
580 2597 757 2641 Nicolai
802 2597 1003 2640 fontibus
1055 2593 1360 2639 examinandis
1403 2591 1608 2641 vidimus,

89 2667 366 2724 quantopere
407 2666 620 2710 Nicolaus
671 2665 863 2724 pendeat
908 2680 936 2708 a
979 2664 1152 2707 Xanthi
1194 2662 1431 2719 Lyffiacis,
1479 2661 1609 2703 huius

88 2735 242 2780 Croesi
283 2735 413 2779 exitii
441 2726 746 2779 narrationem
776 2735 1017 2778 restituere
1049 2748 1266 2776 conemur.
1328 2732 1518 2789 primum
1557 2729 1610 2774 de

210 2866 246 2910 1)
271 2863 318 2899 cf.
344 2874 457 2909 supra
483 2874 564 2908 pag.
595 2865 719 2907 17811.;
750 2865 802 2898 19.
