1915 3190
738 148 1017 190 -37-

120 265 320 310 narratio
352 264 580 309 Diodorea
620 264 664 306 iu
705 265 904 308 omnibus
949 266 1153 322 partibus
1192 267 1419 310 consentit
1449 283 1543 310 eum
1579 285 1642 316 νει,

118 349 250 393 quam
282 335 640 393 recuperavimus
673 349 695 375 e
731 334 946 377 relatione
985 335 1258 381 Ilei-‹nlotvaz
1303 351 1442 393 quare
1481 344 1644 380 nostra

119 405 267 462 opinio
299 406 519 462 probatur
548 405 621 460 (cf.
657 419 695 461 p.
724 405 773 446 14
793 407 905 461 sqq.)
936 405 1220 447 narrationes
1255 407 1496 457 exstitisse,
1531 421 1644 464 quae

118 473 366 532 proderent
396 473 592 517 fabulam
617 473 767 516 Croesi
792 473 967 517 Solonis
1003 475 1148 517 verbis
1181 476 1352 518 servati
1384 476 1641 519 adiunctam

117 542 184 586 illi
227 543 281 586 de
322 542 543 601 colloquio
577 544 730 587 Croesi
771 550 815 586 et
848 543 1025 587 Solonis
1070 544 1293 587 historiae.
1358 546 1641 588 narrationes

118 612 246 657 huius
277 613 392 656 modi
415 612 609 656 Athenis
642 618 768 656 ortus
801 629 896 656 esse
931 616 1136 671 apparet.
1170 630 1301 671 quam
1334 616 1388 657 ob
1423 631 1511 657 rem
1545 630 1642 657 eum

119 683 310 735 fontem,
357 682 425 725 eui
475 682 731 726 Herodotus
774 682 928 725 debuit
970 683 1270 726 narrationem
1313 699 1459 735 suam,
1508 700 1644 740 supra

117 751 465 808 significavimus
523 752 692 795 fontem
738 752 954 794 Atticum.
1033 754 1282 809 posteriore
1335 757 1488 797 aetate
1536 753 1644 797 haec

115 821 272 865 fabula
296 822 482 879 vulgata
505 837 636 879 saepe
660 824 863 865 tractata
886 837 982 864 esse
1008 822 1196 867 videtur,
1223 839 1318 865 vum
1344 823 1386 865 in
1410 823 1642 866 rhetorum

117 891 292 937 scholis.
336 895 430 934 tum
471 891 516 934 in
556 891 683 934 libris
722 891 777 934 ad
813 907 934 934 usum
970 891 1227 948 popularem
1262 893 1457 948 scriptis.
1521 893 1643 949 quali

118 976 172 1005 ex
205 976 393 1019 corpore
426 961 560 1004 etiam
595 961 839 1004 Diodorum
871 961 1072 1003 hausisse
1106 964 1213 1017 puto
1247 962 1491 1004 relationes
1525 978 1641 1005 suas.

231 1054 276 1108 2)
323 1054 563 1106 1X,33‚2:
619 1055 838 1097 Diodorus
884 1056 1029 1097 refert
1072 1054 1285 1098 Croesum
1329 1059 1434 1098 ante
1481 1055 1642 1098 bellum

120 1122 315 1181 Delphos
348 1124 519 1167 misisse
551 1125 743 1170 nuntios.
778 1125 852 1181 qui
884 1125 1239 1181 interrogarent,
1273 1125 1489 1182 quomodo
1524 1125 1642 1168 filius

117 1197 267 1237 mutus
311 1208 461 1236 vocem
508 1195 702 1251 recipere
750 1197 923 1251 posset;
983 1194 1154 1250 Pythia
1200 1195 1442 1251 respondet
1490 1196 1643 1238 iisdem

117 1262 337 1314 versibus,
382 1278 490 1320 quos
535 1263 620 1306 iam
663 1279 801 1321 supra
833 1265 1121 1320 eognovimus
1165 1264 1287 1318 (Her.
1321 1264 1356 1316 Ι,
1381 1266 1466 1318 85).
1501 1291 1553 1297 -
1587 1266 1643 1308 ad

119 1333 368 1389 proximum
391 1333 576 1377 Diodori
608 1333 777 1376 fontem
809 1338 930 1377 recte
954 1334 1276 1377 aestimandum
1300 1335 1489 1377 multum
1523 1335 1644 1378 valet

119 1417 171 1446 ea
201 1417 284 1455 res,
318 1402 434 1460 quod
466 1403 610 1446 altera
642 1403 721 1446 illa
751 1404 859 1446 Her.
882 1403 917 1454 Ι,
941 1406 996 1444 δι’)
1029 1419 1148 1461 pars,
1182 1419 1268 1460 qua
1301 1404 1354 1446 de
1386 1405 1477 1448 filio
1510 1405 1643 1448 mira-

116 1472 273 1516 biliter
305 1475 463 1516 sanato
495 1476 724 1525 narratur,
758 1473 884 1516 deest
909 1473 1026 1529 apud
1054 1474 1308 1516 Diodorum.
1362 1490 1449 1516 non
1473 1473 1642 1526 dubito,

115 1542 221 1599 quin
251 1541 342 1593 ille,
375 1557 472 1585 cum
493 1542 694 1586 historiis
719 1543 846 1585 huius
867 1543 1044 1598 generis
1067 1547 1252 1600 praeter
1282 1547 1458 1586 ceteras
1493 1544 1643 1587 stude—

113 1614 199 1664 ret,
230 1611 361 1655 huius
394 1612 574 1655 fabulae
607 1612 867 1656 excellentis
899 1628 987 1655 non
1020 1613 1242 1656 oblitui-us
1277 1613 1432 1667 fuerit,
1473 1614 1510 1656 si
1542 1613 1642 1656 fons

114 1681 239 1724 illam
270 1681 578 1725 continuisset.
641 1696 770 1739 quam
814 1684 868 1725 ob
901 1697 993 1724 rem
1023 1682 1269 1726 Diodorum
1301 1682 1500 1726 hausisse
1534 1687 1643 1740 puto

116 1765 140 1793 e
173 1750 300 1803 libro,
344 1751 389 1793 in
422 1767 506 1808 quo
537 1751 741 1794 narratio
774 1751 1036 1795 Herodotea
1067 1755 1318 1795 retractata
1351 1755 1422 1795 est
1454 1754 1510 1796 ab
1542 1768 1644 1796 aue-

115 1824 218 1864 tore
250 1820 573 1873 rationalismo,
613 1821 686 1878 qui
718 1821 883 1864 dieitur
915 1821 1084 1864 dedito.
1148 1836 1277 1879 quem
1308 1822 1420 1865 talia
1452 1823 1643 1866 incredi-

116 1889 226 1933 bilia
246 1889 427 1933 silentio
451 1891 807 1947 praetermisisse
827 1894 1033 1947 apparet.
1084 1891 1139 1934 de
1161 1895 1313 1935 aetate
1344 1891 1472 1935 huius
1504 1892 1643 1935 fontis

116 1959 286 2017 aliquid
318 1960 431 2003 certi
464 1960 550 2003 dici
581 1975 669 2002 non
702 1964 864 2017 potest.

108 2130 222 2170 ,buius
249 2130 333 2165 libri
359 2136 503 2175 sumpta
530 2141 609 2166 esse
636 2143 655 2167 e
673 2131 918 2177 descriptione
937 2138 1074 2177 septem
1094 2134 1310 2177 sapientium
1339 2134 1531 2168 rhetorica.
1573 2146 1643 2178 quo

116 2200 159 2224 ex
187 2199 341 2233 corpore
369 2190 457 2225 haec
485 2190 638 2225 historia
678 2192 781 2226 evelli
821 2203 890 2226 non
931 2197 1062 2236 potest.
1130 2198 1322 2236 praeterea
1360 2194 1524 2228 narratio
1563 2194 1644 2238 ipsa

118 2252 298 2293 repugnat
323 2249 407 2284 huie
432 2249 605 2293 opinioni.
658 2251 820 2285 Bauerus
847 2252 939 2286 enim
960 2257 1064 2295 putat
1084 2251 1283 2286 Diodorum
1303 2253 1466 2287 omisisse
1486 2251 1643 2295 fabulas,

117 2317 211 2351 quae
246 2313 330 2342 sunt
364 2308 408 2342 de
435 2308 537 2343 'I'ello
572 2314 608 2344 et
643 2309 687 2344 de
714 2310 837 2344 Cleobi
868 2311 1078 2355 Bitoueque.
1129 2311 1193 2346 sed
1231 2311 1381 2346 Diodori
1416 2317 1544 2346 testem
1581 2322 1643 2346 eas

117 2367 262 2401 omnino
289 2377 360 2401 non
389 2368 575 2403 rettulisse
603 2379 668 2413 pro
695 2374 794 2403 certo
822 2370 948 2404 liabeo.
994 2381 1074 2404 nam
1102 2381 1182 2415 pag.
1208 2374 1248 2404 15
1277 2371 1506 2414 probavimus
1534 2371 1642 2405 etiam

117 2425 340 2460 Herodotum
375 2436 395 2461 e
428 2426 529 2462 fonte
567 2438 632 2462 suo
670 2428 835 2463 hausisse
871 2439 948 2463 eam
986 2434 1126 2464 tantum
1154 2429 1336 2472 fabellam,
1373 2441 1442 2473 qua
1471 2435 1644 2464 narratur

117 2484 202 2522 Solo
238 2485 438 2521 collocutus
474 2497 553 2522 esse
595 2498 673 2521 cum
707 2489 842 2523 Croeso
883 2487 927 2523 de
971 2489 1066 2523 vitae
1109 2488 1287 2523 felicitate
1329 2494 1363 2523 et
1410 2490 1564 2523 Croesus
1607 2489 1643 2522 in

118 2554 243 2588 rogum
283 2544 474 2589 impositus
514 2546 717 2581 meminisse
751 2547 856 2582 huius
891 2548 1078 2582 sermonis.
1142 2546 1347 2582 Herodotus
1379 2549 1456 2591 ipse
1488 2546 1642 2581 fabellas

119 2602 212 2637 Tolli
247 2608 283 2638 et
319 2604 461 2639 Cleobis
497 2604 710 2649 Bitonisque
746 2606 900 2641 inseruit
940 2607 1152 2641 narrationi.
1214 2607 1280 2641 hac
1315 2607 1428 2649 igitur
1464 2606 1644 2640 relatione

120 2660 303 2697 Diodorea
328 2673 399 2698 nou
425 2663 530 2699 modo
557 2670 683 2699 nostra
719 2665 911 2708 sententia,
949 2676 1053 2709 quam
1093 2676 1203 2709 supra
1242 2666 1444 2709 statuimus,
1481 2676 1644 2709 compro-

118 2721 246 2764 batur,
282 2720 346 2756 sed
377 2721 486 2756 etiam
512 2722 646 2758 Baueri
680 2723 902 2758 confutatur.
953 2723 1127 2767 denique,
1164 2723 1259 2767 quod
1289 2723 1469 2758 Diodorus
1501 2723 1643 2758 duobus

118 2780 208 2815 locis
235 2779 359 2816 eadem
391 2780 436 2816 de
471 2791 509 2816 re
545 2781 660 2817 refert
694 2786 804 2827 atque
831 2783 972 2818 ratione
1000 2782 1143 2817 diversa
1171 2802 1214 2809 —
1241 2782 1276 2816 id
1304 2781 1399 2826 quod
1425 2782 1523 2817 iufra
1548 2781 1644 2816 vide-

118 2840 235 2874 bimus
264 2860 308 2866 —
338 2840 468 2875 Baueri
493 2842 696 2876 sententiae
723 2841 854 2876 obstat.
