1915 3190
718 132 1001 173 -41-

99 247 235 291 fuisse
273 246 474 300 videtur,
519 249 570 288 ut
612 244 847 288 rhetoricis
889 246 1110 289 coloribus
1152 252 1457 292 exornaretur.
1522 266 1622 292 nam

98 317 235 361 ceteri
267 330 428 368 omnes,
472 330 581 373 quos
620 314 763 358 adhuc
804 316 1102 370 cognovimus.
1148 323 1351 360 auc-tores
1385 323 1620 376 tantopere

97 401 123 430 a
156 385 342 430 Nicolao
373 384 603 436 differunt,
643 388 692 427 ut
726 384 848 428 nullo
882 384 1008 428 modo
1039 388 1286 442 vonipnruri
1321 389 1490 444 possint
1524 405 1619 431 eum

96 455 178 499 hac
209 454 483 498 narratione.

212 523 321 568 Cum
352 527 502 567 autem
536 523 708 567 Xanthi
743 523 974 567 relationis
1008 525 1200 583 vestigia
1239 541 1323 568 non
1357 532 1621 571 conservata

96 594 200 649 sint,
233 594 288 638 ab
320 592 539 637 Herodoti
573 594 831 637 narratione
865 594 1079 652 proticisci
1114 596 1255 638 coacti
1291 612 1450 640 sumus.

94 717 151 761 A.
203 716 281 760 De
312 716 477 767 locis,
511 717 713 774 quibus
743 719 1278 775 utraquenarratio
1311 719 1619 762 consentit.

213 799 254 855 l)
307 798 440 856 Apud
483 802 718 856 utrumque
759 804 984 842 auctorem
1018 800 1193 842 Solonis
1228 801 1392 843 mentio
1426 801 1489 844 fit.
1544 801 1620 844 sed

93 869 346 913 accuratius
390 872 644 926 spectantes
688 869 991 924 cognoscimus
1023 870 1304 913 narrationes
1349 871 1466 912 inter
1498 888 1542 913 se
1575 871 1620 914 in

94 953 144 982 eo
179 937 373 986 differre,
405 937 521 995 quod
555 938 661 981 haec
694 939 860 990 fabula,
895 954 1159 996 quamquam
1193 939 1310 996 apud
1343 940 1619 983 Herodotum

93 1010 163 1051 est
205 1008 328 1065 prius
371 1007 586 1051 historiae
634 1008 730 1064 rogi
775 1007 960 1061 culmen,
1005 1008 1123 1066 apud
1166 1008 1401 1052 Nicolaum
1445 1010 1621 1053 obtinet

92 1092 278 1135 parvum
312 1080 488 1120 tantum
522 1077 729 1134 spatium.

208 1147 252 1202 2)
298 1146 433 1204 Apud
478 1150 714 1204 titiumque
752 1147 927 1203 cogitat
960 1147 1121 1204 Cyrus,
1168 1149 1203 1191 si
1248 1164 1396 1205 regem
1441 1154 1619 1203 cremet,

91 1216 371 1260 committere
404 1231 449 1259 se
480 1217 654 1259 facinus
688 1216 931 1273 indignum.

207 1287 251 1343 3)
294 1285 467 1330 Deinde
501 1290 547 1330 et
579 1288 634 1329 ab
656 1287 887 1329 Herodoto
920 1292 965 1330 et
995 1302 1020 1330 a
1045 1288 1231 1330 Nicolao
1265 1289 1437 1345 pariter
1469 1304 1620 1333 narra-

91 1359 180 1410 tur,
221 1371 308 1414 quo
340 1355 466 1400 modo
500 1360 705 1400 servatus
738 1357 797 1400 sit
831 1356 1040 1400 Croesus:
1084 1358 1233 1401 Persis
1266 1374 1422 1414 rogum
1455 1360 1619 1402 exstin-

89 1441 228 1482 guere
275 1426 448 1469 frustra
493 1426 665 1469 conatis
709 1426 874 1483 Apollo
925 1426 1077 1469 Croesi
1125 1428 1329 1484 precibus
1377 1433 1620 1472 commotus

92 1494 216 1539 misit
247 1495 474 1552 ingentem
507 1495 631 1538 illum
663 1496 859 1539 imbrem.

206 1565 252 1621 4)
302 1565 505 1622 Denique
536 1569 726 1622 uterque
757 1565 993 1623 descripsit
1025 1565 1178 1609 eadem
1211 1567 1386 1610 ratione
1409 1567 1621 1611 Croesum

92 1648 120 1677 a.
150 1634 273 1691 Cyro
304 1635 541 1693 petivisse,
587 1638 639 1678 ut
679 1634 910 1692 compedes
951 1650 1056 1678 suae
1092 1636 1287 1693 Delphos
1327 1637 1621 1681 mitterentur

93 1707 141 1747 et
170 1702 277 1747 deus
308 1704 680 1761 interrogaretur,
713 1720 791 1747 cur
823 1720 867 1747 se
900 1705 1090 1748 oraculis
1123 1706 1383 1761 fefellisset;
1425 1706 1471 1749 id
1501 1707 1620 1764 quod

92 1772 240 1829 Cyrus
272 1788 360 1817 non
392 1773 662 1831 repudiavit.

120 1907 173 1950 B.
226 1907 302 1950 De
333 1908 497 1961 locis,
530 1908 732 1965 quibus
766 1913 1011 1966 utraque
1042 1908 1306 1951 narratio
1341 1909 1495 1952 inter
1527 1924 1581 1952 se

329 1977 543 2021 differt
575 1982 629 2021 et
661 1978 864 2035 quibus
894 1977 1177 2021 Herodoti
1208 1982 1379 2021 earet.

207 2059 250 2115 1)
299 2059 478 2103 Nicolai
518 2061 572 2102 fr.
607 2062 663 2104 ⁴58
707 2061 838 2103 initio
882 2061 1056 2117 copiose
1089 2060 1328 2117 exponitur
1360 2060 1472 2103 situs
1504 2060 1616 2117 rogi.

91 2126 250 2172 deinde
280 2132 494 2172 narratur
525 2130 695 2185 Cyrum
736 2130 943 2177 universo
982 2145 1079 2172 cum
1111 2129 1311 2172 exercitu
1343 2129 1539 2173 adfuisse
1571 2132 1617 2173 et

91 2210 298 2254 magnam
327 2200 506 2242 turbam
537 2202 632 2242 tum
664 2199 827 2243 civium
853 2203 948 2242 tum
970 2200 1306 2256 peregrinorum
1328 2214 1425 2242 cum
1445 2199 1617 2256 gemitu

92 2268 290 2310 secutam
322 2282 415 2311 esse
446 2283 597 2325 regem
627 2268 871 2325 Lydorum.

206 2338 251 2393 ⁶2)
298 2337 365 2381 De
395 2337 560 2382 Croeso
602 2338 697 2396 ipso
738 2338 849 2382 dicit
892 2339 1129 2382 Nicolaus:
1177 2338 1310 2389 αὐτὸς
1341 2338 1388 2381 δὲ
1420 2340 1614 2394 ἄδακρυς

90 2406 268 2463 προσῄει
300 2406 369 2449 καὶ
403 2410 683 2463 σκυθρωπός.

206 2476 251 2531 3)
297 2475 450 2520 Croesi
481 2477 563 2519 fih'i
595 2477 762 2520 mentio
795 2491 822 2520 a
844 2477 1033 2520 Nicolao
1065 2477 1118 2520 fit
1149 2478 1283 2534 longe
1314 2477 1450 2520 aliter
1480 2479 1616 2533 atque

91 2545 147 2588 ab
176 2544 421 2589 Herodoto.
485 2547 562 2604 qui
604 2546 782 2604 quidem
826 2547 1010 2590 rettulit
1052 2548 1282 2591 fortunam
1318 2546 1475 2588 ‘Croesi
1518 2545 1615 2599 filij,

91 2612 168 2657 sed
209 2618 340 2658 extra
381 2616 481 2673 rogi
525 2615 772 2659 historiam.
845 2616 964 2673 apud
1003 2616 1282 2659 Herodotum
1327 2615 1403 2657 ille
1446 2615 1617 2671 recepit

90 2697 242 2727 vocem
282 2698 333 2727 eo
373 2687 586 2742 tempore,
632 2701 718 2742 quo
751 2685 988 2729 Persarum
1020 2686 1182 2742 aliquis
1216 2685 1428 2728 Croesum
1458 2698 1616 2728 necare

90 2752 237 2796 voluit
269 2752 483 2796 Sardibus
515 2754 672 2811 captis.
723 2754 801 2798 sed
831 2754 951 2811 apud
978 2754 1212 2797 Nicolaum
1246 2753 1358 2797 illud
1389 2753 1618 2798 oraculum

90 2821 227 2866 aliter
258 2822 422 2876 evenit,
454 2826 506 2866 ut
539 2822 742 2866 vidimus.
