1968 3206
846 170 1131 212 ,58-

241 289 331 329 est:
377 300 489 342 quae
521 288 672 341 partes
703 284 878 339 Lydiae
917 284 1131 328 historiae
1171 285 1451 328 Herodoteae
1492 284 1686 341 pendent
1726 300 1752 327 a

239 355 394 398 libris?
435 369 547 410 quae
568 354 709 409 igitur
729 356 881 410 partes
902 357 1088 410 possunt
1111 369 1203 397 esse
1226 354 1512 411 depromptae
1535 370 1557 397 e
1578 355 1751 397 Xanthi

238 424 484 480 Lydiaois'?

354 493 613 535 Statuamus
656 493 873 544 universe,
921 488 1033 549 quae
1075 508 1097 534 e
1136 493 1467 535 narrationibus
1507 494 1612 536 viva
1644 508 1750 536 voce

238 562 433 616 traditis,
467 577 579 619 quae
611 578 632 605 e
664 563 777 604 libro
809 562 1007 604 hausisse
1039 561 1247 605 videatur
1276 562 1542 605 Herodotus.

352 632 583 673 Permulta
614 631 837 672 hominum
869 631 1057 673 sermoni
1088 630 1219 673 debet
1241 631 1506 673 Herodotus.
1558 631 1604 672 id
1635 630 1751 687 quod

238 701 538 756 cognoscimus
572 716 624 742 ex
657 715 720 752 eo,
754 699 871 755 quod
901 699 984 741 hae
1013 700 1284 742 narrationis
1306 703 1456 756 partes
1487 701 1584 742 fuse
1616 703 1751 756 atque

239 770 412 825 copiose
444 769 716 825 compositae
748 772 851 811 sunt
884 771 929 811 et
960 769 1102 810 multa
1134 769 1322 824 singula,
1355 784 1467 825 quae
1488 769 1675 812 maxime
1705 770 1751 811 in

238 838 415 880 fabellis
447 839 750 891 inveniuntur,
786 838 1027 880 continent.
1093 837 1270 880 eaedem
1291 838 1537 880 nominibus
1559 839 1749 895 propriis

237 922 386 950 carere
419 908 575 950 solent.
638 910 788 963 partes
831 907 960 949 huius
1004 907 1121 949 modi
1164 910 1267 949 sunt
1310 922 1404 949 meo
1444 906 1605 949 iudicio
1645 908 1750 950 hae:

239 977 429 1019 historia
451 977 599 1032 Gygis
633 977 683 1029 (Ι,
703 976 874 1031 8-13),
910 976 1028 1032 quod
1057 976 1244 1031 legimus
1277 976 1330 1018 de
1360 976 1476 1017 bello
1509 991 1605 1018 eum
1625 977 1750 1018 Mile-

238 1047 313 1088 siis
345 1049 472 1102 gesto
501 1047 552 1101 (Ι,
580 1046 775 1099 17—22),
809 1046 975 1095 fabula,
1010 1060 1122 1102 quae
1154 1048 1221 1087 est
1254 1045 1307 1087 de
1329 1045 1481 1087 Croesi
1512 1048 1557 1087 et
1578 1045 1749 1088 Solonis

238 1116 471 1172 colloquio,
514 1131 535 1157 e
567 1116 694 1157 fonte
726 1115 897 1157 Graeco
931 1117 1106 1170 sumpta
1138 1115 1189 1168 (Ι,
1212 1115 1411 1171 29—33),
1456 1115 1656 1157 narratio
1697 1115 1750 1158 de

236 1185 387 1240 Atyos
419 1185 602 1226 fortuna
633 1184 812 1240 prolata
834 1185 885 1237 (I,
910 1185 1109 1238 34—45),
1143 1184 1254 1225 illud
1277 1199 1371 1225 cum
1394 1184 1597 1227 Sandane
1617 1185 1749 1226 eollo-

237 1254 387 1310 quium
419 1254 470 1308 (I,
494 1253 579 1308 71),
625 1254 815 1295 maxima
857 1268 960 1309 pars
992 1253 1113 1295 illius
1146 1253 1199 1295 (16
1231 1253 1383 1295 Croesi
1415 1256 1460 1296 et
1493 1253 1603 1308 Cyri
1632 1254 1748 1296 bello

236 1323 480 1375 relationis,
515 1323 640 1365 velut
672 1322 730 1375 id,
769 1322 886 1379 quod
919 1323 1132 1379 seriptum
1164 1326 1231 1365 est
1263 1322 1315 1365 de
1346 1323 1521 1378 Halyos
1553 1323 1750 1365 transitu

236 1393 287 1446 (Ι,
305 1394 387 1448 75),
422 1392 475 1434 (16
497 1407 647 1448 pugna
668 1392 854 1448 ancipiti
871 1392 1016 1433 Marte
1038 1392 1266 1433 commissa
1288 1392 1339 1446 (I,
1356 1392 1439 1447 76),
1464 1391 1517 1433 (16
1539 1391 1750 1447 anguium

235 1461 446 1503 miraculo
480 1462 530 1516 (Ι,
550 1462 634 1515 78),
669 1461 722 1503 (16
744 1461 906 1503 itinere
929 1460 1040 1515 Cyri
1071 1463 1227 1503 eontra
1248 1460 1408 1503 Sardes
1430 1461 1551 1502 facto
1584 1461 1635 1516 (I,
1654 1461 1745 1515 79);

236 1533 469 1587 praeterea
514 1531 715 1572 narratio
763 1545 938 1585 pugnae
980 1530 1031 1585 (I,
1061 1530 1155 1584 80),
1204 1529 1392 1586 denique
1436 1529 1651 1572 historiae
1696 1530 1749 1572 de

236 1600 389 1642 Croesi
430 1601 613 1641 fortuna
656 1600 986 1641 contaminatae
1028 1602 1178 1655 partes
1220 1599 1435 1655 quaedam
1479 1599 1529 1652 (Ι,
1548 1599 1748 1655 86-88).

349 1669 393 1711 A
434 1670 560 1711 fonte
603 1669 818 1724 Delphico
861 1669 1057 1725 pendent
1098 1668 1227 1711 haec:
1283 1669 1318 1721 Ι,
1350 1669 1542 1721 45—55,
1593 1669 1748 1724 quibus

234 1741 446 1780 narratur
478 1738 530 1780 de
563 1738 752 1780 oraculis
786 1741 831 1780 et
863 1737 1069 1787 donariis,
1113 1737 1193 1779 illa
1235 1737 1287 1779 de
1317 1737 1409 1779 filio
1442 1740 1564 1779 muto
1596 1737 1750 1780 fabula

235 1808 286 1862 (Ι,
305 1808 389 1862 85),
433 1810 654 1863 postremo
687 1808 767 1849 illa
799 1803 966 1849 oraculi
996 1806 1204 1863 Delphici
1234 1807 1444 1863 purgatio
1477 1807 1528 1862 (Ι,
1548 1807 1748 1862 90—92).

349 1876 423 1918 Ad
458 1877 620 1918 librum
656 1876 889 1919 referenda
927 1878 1030 1919 sunt
1066 1891 1231 1932 pauca:
1284 1877 1417 1919 series
1458 1891 1611 1932 regum
1655 1876 1749 1931 Ly-

235 1945 410 1997 dorum,
470 1946 540 1987 eui
588 1947 745 1988 breves
787 1945 1099 1988 adnotationes
1147 1945 1323 1987 additas
1370 1961 1463 1988 esse
1509 1945 1749 1988 verisimile

236 2018 315 2067 est,
349 2015 474 2057 velut
506 2016 551 2056 in
583 2030 675 2071 cap.
699 2016 753 2056 28
784 2015 962 2057 nomina
982 2015 1184 2071 gentium
1208 2015 1515 2057 subiectarum.
1556 2015 1748 2057 fortasse

234 2085 348 2126 liber
378 2084 604 2126 adhibitus
638 2086 705 2126 est
738 2084 873 2126 etiam
904 2084 951 2125 in
981 2084 1048 2125 his
1074 2084 1427 2126 narrationibus:
1461 2084 1507 2124 in
1528 2083 1748 2126 relatione

236 2153 288 2195 de
321 2154 471 2196 Croesi
503 2154 664 2196 itinere
695 2154 874 2210 prolata
914 2153 964 2208 (I,
985 2154 1038 2195 76
1071 2153 1231 2208 initio),
1274 2153 1320 2194 in
1360 2153 1582 2195 mentione
1614 2153 1747 2195 socie-

235 2223 345 2264 tatis
368 2238 464 2264 cum
482 2223 739 2278 Aegyptiis,
763 2222 1414 2278 Babyloniis,Lacedaemoniis
1436 2223 1574 2264 initae
1592 2222 1643 2277 (I,
1661 2223 1746 2276 77),

234 2292 458 2333 nonnullis
499 2292 618 2344 locis,
664 2292 740 2348 qui
782 2294 886 2334 sunt
927 2292 980 2334 de
1012 2291 1216 2334 Sardium
1258 2292 1586 2348 expugnatione
1618 2294 1663 2334 et
1695 2292 1748 2335 de

236 2360 387 2403 Croesi
419 2361 555 2402 exitu.

351 2429 474 2481 Quae
507 2429 542 2471 si
574 2430 640 2471 ita
671 2432 785 2483 sunt,
831 2432 881 2471 ut
913 2429 1039 2472 modo
1073 2431 1268 2486 exposui,
1312 2430 1525 2486 sequitur,
1568 2432 1620 2472 ut
1650 2445 1747 2486 per-

234 2513 373 2554 pauca
406 2499 642 2554 sumpserit
666 2499 918 2541 Herodotus
943 2515 964 2541 e
985 2500 1112 2541 libro.
1165 2499 1321 2541 seriem
1341 2498 1571 2553 Lydorum
1592 2514 1748 2557 regum

236 2570 280 2609 et
311 2568 546 2609 nonnullas
580 2568 892 2610 adnotationes
923 2569 991 2609 illi
1023 2568 1200 2610 additas
1231 2568 1397 2624 petivit
1429 2583 1482 2611 ex
1513 2583 1575 2621 eo,
1621 2568 1748 2625 quasi

237 2652 333 2679 ossa
365 2637 572 2692 corporis,
615 2636 732 2693 quod
774 2637 972 2693 explevit
1005 2652 1080 2679 suo
1114 2652 1167 2679 ex
1198 2637 1384 2679 arbitrio
1416 2637 1747 2679 narrationibus

236 2709 281 2748 et
311 2706 487 2759 fabulis,
522 2721 629 2762 quas
661 2706 917 2748 inveniebat
950 2706 1192 2762 permultas
1224 2707 1270 2747 in
1291 2706 1514 2748 hominum
1535 2721 1745 2749 sermone.

348 2775 446 2817 Hue
468 2775 649 2828 accedit,
683 2775 800 2831 quod
820 2776 993 2818 omnino
1025 2791 1113 2817 non
1144 2776 1189 2817 in
1220 2776 1364 2817 animo
1398 2778 1496 2817 erat
1518 2775 1744 2818 Herodoto

233 2846 378 2885 totam
408 2844 582 2898 Lydiae
614 2844 847 2886 historiam
878 2844 1135 2898 describere,
1170 2844 1245 2886 sed
1276 2859 1327 2887 ea
1359 2845 1464 2898 sola,
1506 2858 1619 2900 quae
1649 2859 1747 2900 per-
