2009 3201
909 177 1164 216 —4-

285 293 395 335 <licit
435 292 545 333 hanc
589 291 930 333 translationem
972 305 1066 332 esse
1109 290 1307 332 adiutam
1349 289 1562 331 similibus
1607 290 1736 331 rebus
1770 303 1795 330 a

287 362 467 418 regibus
500 360 790 402 orientalibus
812 360 968 414 gestis.
1023 362 1156 414 atque
1180 362 1356 401 constat
1388 358 1635 414 complures
1667 370 1809 413 reges

286 430 529 473 orientales
552 430 705 480 victos,
742 431 793 470 ut
816 429 1081 471 servitutem
1105 428 1280 470 tristem
1303 429 1566 483 effugerent,
1599 442 1644 469 se
1675 427 1794 483 ipsos

285 499 600 542 sacrificavisse
632 498 787 551 deiss).
852 497 927 539 sed
970 497 1037 539 his
1080 497 1289 552 exemplis
1330 497 1437 552 ipsis
1469 496 1650 539 videtur
1689 495 1794 536 mihi

286 569 430 611 doceri
471 568 635 623 optime
675 567 867 622 cogitari
905 580 1034 621 posse
1077 566 1211 607 etiam
1244 565 1451 613 Croesum
1487 565 1637 607 eodem
1667 565 1794 606 modo

285 641 474 680 mortem
506 637 590 678 sibi
620 636 889 678 consciscere
923 634 1129 686 voluisse,
1163 649 1260 675 cum
1293 635 1430 676 fuerit
1462 649 1539 676 rex
1571 635 1679 692 pius7
1721 635 1796 690 qui

285 707 493 763 populum
535 720 660 747 suum
700 706 898 754 amabat,
943 706 989 745 et
1021 703 1253 758 putaverit
1291 703 1372 745 hoc
1413 703 1533 745 facto
1573 718 1619 745 se
1649 703 1794 759 placa-

284 779 434 818 turum
476 790 569 816 esse
610 774 727 815 deos.
760 798 816 802 —
848 788 899 815 ea
930 788 991 823 re,
1034 773 1147 828 quod
1181 772 1367 814 Croesus
1409 772 1543 814 etiam
1585 771 1796 814 Sardibus

286 845 428 900 captis
452 844 566 885 vixit
585 844 631 884 in
655 843 761 897 Cyri
784 843 981 884 exercitu
997 842 1040 895 2),
1074 856 1212 897 prave
1235 844 1473 883 commotus
1497 855 1593 883 esse
1614 841 1795 883 videtur

288 914 503 956 Meiserus
536 913 627 967 (l.l.
662 927 700 967 p.
725 913 780 965 7),
818 916 869 954 ut
902 913 1172 967 improbaret
1215 910 1338 952 illam
1371 909 1521 951 Croesi
1565 924 1610 952 se
1653 911 1795 965 ipsum

286 982 578 1026 sacrificantis
611 981 855 1023 historiam.
910 981 986 1022 secl
1021 981 1120 1021 huic
1151 980 1216 1022 rei
1247 995 1334 1022 non
1356 982 1577 1035 repugnat
1597 980 1795 1035 Bacchy-

289 1051 391 1093 ]idis
422 1051 631 1092 historia:
663 1050 836 1105 Iupiter
860 1050 975 1091 enim
997 1049 1212 1090 liberavit
1243 1048 1366 1089 illum
1399 1062 1424 1089 a
1455 1048 1662 1099 flammis3
1696 1049 1796 1091 finis

287 1123 434 1162 autem
452 1119 631 1161 fabulae
648 1118 864 1173 genuinae
879 1118 994 1174 apud
1007 1116 1321 1172 Bacchylidem
1335 1120 1403 1160 est
1419 1120 1668 1174 corruptus,
1680 1118 1796 1173 quod

287 1189 442 1231 addita
474 1194 542 1230 est
573 1188 765 1229 historia
797 1187 1021 1242 Apollinis
1061 1201 1211 1241 regem
1245 1187 1500 1229 deducentis
1532 1188 1587 1229 ad
1620 1188 1796 1243 Hyper-

286 1260 455 1299 boreos.
509 1270 681 1311 quoquo
704 1255 830 1297 modo
856 1271 926 1297 res
951 1270 995 1297 se
1024 1255 1171 1304 habety
1205 1270 1259 1297 ex
1280 1255 1360 1297 illa
1381 1256 1573 1297 historia
1596 1256 1797 1298 concludi

284 1329 434 1382 potest
466 1326 679 1368 Croesum
717 1340 804 1367 non
844 1325 1053 1366 interisse
1093 1339 1215 1379 rogo.
1276 1325 1380 1366 mihi
1422 1325 1597 1381 quidem
1629 1340 1699 1367 res
1730 1326 1797 1367 ita

285 1396 483 1438 evenisse
505 1394 702 1437 videtur:
739 1394 939 1447 Croesus,
962 1396 1012 1434 ut
1036 1394 1302 1437 servitutem
1325 1395 1560 1449 effugeret,
1585 1410 1631 1437 se
1652 1395 1796 1450 ipsum

283 1479 440 1506 necare
472 1463 720 1505 constituit.
783 1463 939 1504 mirum
971 1463 1016 1504 in
1047 1463 1221 1505 modum
1252 1464 1501 1519 prohibitus
1535 1467 1604 1506 est
1634 1464 1795 1516 facere,

283 1534 400 1589 quod
431 1533 650 1575 voluerat.
715 1532 876 1586 Cyrus,
909 1534 961 1573 ut
994 1532 1191 1587 alioquin
1224 1533 1489 1574 describitur
1511 1548 1592 1574 rex
1612 1533 1796 1575 clemen-

285 1602 494 1654 tissimus,
528 1601 596 1642 illi
626 1615 810 1656 parcens
845 1615 940 1642 eum
974 1615 1118 1642 secum
1152 1601 1278 1643 duxit
1310 1602 1356 1643 in
1386 1602 1622 1644 itineribus
1643 1602 1686 1657 ³),
1730 1603 1797 1644 ita

285 1671 496 1713 Croesum
516 1670 706 1725 eripiens
730 1669 866 1711 oculis
889 1669 1042 1725 populi
1074 1670 1152 1711 sui.
1203 1670 1316 1713 hanc
1338 1686 1442 1723 rem,
1477 1686 1587 1727 quae
1616 1674 1797 1727 praeter

285 1740 474 1782 omnium
506 1739 751 1794 opinionem
785 1741 1009 1791 evenerat,
1042 1754 1131 1781 non
1162 1739 1247 1782 nisi
1278 1740 1400 1782 Iovis
1432 1740 1597 1782 auxilio
1633 1740 1796 1782 factam

285 1824 378 1851 esse
409 1823 536 1864 posse
570 1822 717 1849 omnes
748 1807 946 1849 homines
979 1822 1061 1863 pro
1085 1811 1205 1850 certo
1229 1809 1432 1851 habuisse
1454 1811 1797 1851 consentaneum

284 1881 363 1920 cst.
412 1893 495 1933 quo
518 1877 644 1919 modo
669 1877 775 1918 data
797 1878 1024 1919 occasione
1053 1877 1229 1920 fabulas
1264 1878 1458 1933 fingendi
1469 1878 1501 1932 4)
1523 1878 1655 1920 facile
1677 1879 1798 1921 nasci

284 1949 466 2001 poterat
511 1946 797 2000 Bacchylidis
842 1946 1062 1999 narratio,
1113 1961 1198 2002 qua
1238 1947 1435 1989 refertur
1474 1948 1626 1990 Iovem
1668 1947 1798 1989 imbri

286 2030 486 2057 servasse
519 2014 742 2056 Croesum.
1151 2022 1157 2028 ⁴

398 2085 439 2137 2)
485 2084 645 2125 Altera
677 2083 841 2135 fabula,
878 2098 989 2139 quae
1023 2084 1201 2139 profert
1221 2085 1564 2127 translationem
1578 2085 1609 2140 ⁵)
1642 2085 1797 2128 Croesi

286 2153 340 2195 ad
376 2154 690 2209 Hyperboreos
722 2169 802 2209 per
835 2154 1093 2209 Apollinem
1123 2154 1301 2205 factam,
1333 2154 1599 2210 posterioris
1632 2155 1795 2197 aetatis

284 2224 363 2263 est.
424 2222 625 2277 quaestio
658 2223 870 2274 nascitur,
914 2226 1062 2264 utrum
1104 2222 1212 2264 haec
1251 2223 1491 2265 translatio
1524 2224 1664 2266 fuerit
1696 2224 1794 2265 finis

284 2291 559 2333 narrationis
592 2305 648 2332 an
680 2291 834 2333 addita
865 2293 1042 2333 tantum
1081 2292 1140 2333 sit
1171 2292 1307 2334 alteri
1338 2292 1527 2334 fabulae.
1590 2292 1670 2334 hoc
1699 2308 1794 2335 meo

283 2425 429 2460 dis‹·hen
449 2427 529 2461 Ges.
551 2430 605 2470 31,
622 2430 704 2470 736)
732 2432 767 2461 et
794 2427 1067 2471 Furtwaengler
1093 2428 1143 2466 (in
1172 2428 1346 2462 Roscheri
1372 2429 1486 2462 lexico
1513 2429 1538 2470 Ι,
1555 2431 1662 2473 2136)
1689 2440 1794 2473 nega-

286 2489 411 2519 verunt
438 2485 638 2519 Sandanem
666 2486 854 2520 adoratum
882 2497 960 2520 essc
987 2486 1083 2529 apud
1110 2485 1240 2530 Lydos.

407 2548 440 2583 1)
466 2543 511 2578 cf.
539 2544 709 2578 Dunckcr
735 2545 757 2578 l.
777 2545 798 2577 l.
827 2545 892 2578 lV⁵
918 2547 1068 2588 3:¹30sq.;
1104 2545 1230 2588 Koepp
1257 2545 1321 2579 l.1.
1350 2547 1436 2588 4423
1475 2546 1626 2580 maxime
1660 2547 1794 2581 Meiser

283 2603 303 2635 l.
325 2603 345 2635 1.
374 2614 452 2646 pag.
486 2605 524 2635 12
540 2614 616 2646 sqq.

401 2664 436 2700 2)
466 2661 509 2694 cf.
538 2662 621 2695 Her.
651 2662 777 2705 1,155;
806 2665 892 2702 2‹›7;
921 2664 999 2695 eos.
1052 2662 1114 2703 111,
1136 2664 1195 2705 143
1225 2665 1287 2706 343
1315 2666 1368 2696 so.

403 2723 437 2764 3)
465 2721 509 2754 ‹·f.
538 2722 623 2755 Xon.
653 2721 779 2765 Cyrop.
810 2721 887 2763 Vll,
916 2725 946 2762 2,
964 2723 1007 2755 ‘29
1034 2725 1069 2755 et
1095 2721 1207 2755 Nicol.
1237 2723 1337 2756 Dani.
1366 2722 1408 2756 fr.
1436 2724 1491 2757 63.

414 2782 440 2817 1)
471 2781 543 2812 Ilm·
571 2779 614 2812 ‹le
642 2790 679 2813 re
706 2780 801 2813 infra
828 2780 1033 2814 accuratius
1061 2781 1289 2814 tractabitur.

401 2841 438 2875 5)
466 2838 511 2871 (ff.
543 2838 674 2880 liolldc,
711 2839 857 2882 Psyche,
886 2843 928 2870 (iffi
941 2850 1040 2881 sqq.·.
1078 2839 1350 2883 „Entruckung
1380 2840 1498 2874 Inseln
1528 2840 1591 2874 der
1617 2840 1794 2884 Seligen“.
