1915 3190
807 152 1056 193 -5-

181 268 355 327 quidem
388 267 547 310 iudicio
589 266 864 323 probabilius
907 270 988 309 est.
1052 264 1247 308 fabulam
1291 264 1601 307 translationis
1644 265 1699 305 ad

181 338 395 395 originem
430 336 686 393 Delphicam
730 335 1006 377 referendam
1051 350 1147 375 csse
1183 334 1394 376 Mein-rus
1436 334 1531 381 (1.1.
1568 350 1606 390 p.
1638 335 1703 385 l-l)

180 408 331 451 docuit
354 407 394 461 ¹).
457 413 526 449 cst
570 406 756 463 primuni
792 405 1029 460 vestigium
1073 403 1410 446 retractationis
1445 403 1701 460 Delphicae,

179 491 309 534 quam
343 479 475 533 pocta
507 476 604 533 pins
634 491 658 518 a
682 475 985 518 sacci-dotibus
1009 478 1250 516 commotus
1283 473 1476 516 libentvr
1510 472 1703 515 rettulit.

179 546 296 604 quod
334 561 428 589 esse
468 545 820 589 additanwntum
865 543 1122 601 Delphicum
1167 544 1384 600 probatur
1429 543 1507 584 hoc
1549 542 1698 584 modo:

180 615 462 659 sacerdotum
490 615 799 672 Delphivm-um
839 613 1106 671 permultum
1141 613 1364 654 intererat
1396 612 1704 654 demonstrare

180 701 266 739 eos,
300 686 450 742 quiin
483 685 708 742 Apollinis
756 684 900 726 tutela
947 686 1110 727 essent.
1157 698 1241 724 non
1287 682 1514 724 desertum
1560 682 1614 723 iri
1660 681 1703 723 in

180 757 312 799 rebus
334 755 550 799 adversis.
599 770 698 798 nam
723 754 919 796 homines
944 753 1168 795 oraculum
1191 752 1450 809 Delphicum
1474 751 1702 799 adeuntes,

179 841 275 869 cum
298 825 517 868 vidissent
539 825 617 867 illa
640 824 824 866 donaria
848 823 1045 879 pretiosa
1069 824 1274 864 a()1·ocso
1299 822 1517 874 dedicata,
1550 820 1703 863 mirari

180 895 374 952 coepisse
408 895 587 937 tristem
619 894 744 936 illum
779 893 898 948 regis
932 892 1100 935 exitum
1134 895 1475 934 consentancum
1509 894 1592 933 est.
1655 893 1705 932 ut

181 965 348 1008 animos
393 964 613 1007 excitatos
656 963 901 1020 placarent,
948 961 1058 1004 illud
1103 961 1458 1004 additamentum
1500 960 1706 1003 stem-unt

180 1034 449 1078 sacerdotes.
510 1049 607 1076 cum
639 1038 792 1075 autem
825 1032 972 1074 altera
1007 1031 1162 1073 fabula
1186 1031 1306 1072 Iovis
1330 1030 1542 1072 Croesum
1576 1029 1704 1071 imbri

182 1103 406 1146 servantis
441 1103 525 1145 iam
548 1103 658 1145 satis
684 1101 1050 1158 percrebruisset.
1088 1100 1288 1156 Delphici
1312 1100 1421 1142 satis
1454 1099 1706 1142 habuerunt

180 1173 344 1216 addere
375 1172 586 1215 fabellam
610 1172 761 1215 Croesi
785 1171 841 1214 ad
864 1171 1181 1227 Hyperboreos
1205 1169 1462 1220 deducendi,
1497 1172 1546 1212 ut
1569 1168 1705 1225 Apol-

180 1241 284 1286 linis
316 1242 536 1285 iustitiam
577 1242 960 1291 de1nonstrarent;
1006 1241 1074 1282 cui
1119 1240 1263 1282 famae
1307 1241 1490 1282 favebat
1529 1254 1581 1281 ea
1622 1253 1705 1290 res,

181 1311 299 1368 quod
332 1312 522 1354 Croesus
556 1311 641 1353 iam
674 1326 761 1353 non
795 1310 1066 1352 versabatur
1097 1310 1212 1365 apud
1247 1309 1457 1365 populum
1491 1323 1628 1350 suum.

298 1381 365 1423 De
397 1381 596 1423 fontibus
620 1381 853 1435 utriusque
877 1379 1055 1422 fabulae
1078 1379 1159 1421 hoc
1192 1382 1260 1421 est
1292 1378 1537 1420 dicendum.
1586 1377 1706 1420 illam

183 1449 381 1493 fabulam
421 1451 658 1506 genuinam
693 1449 824 1492 valde
858 1449 1088 1505 vulgatam
1106 1448 1136 1500 ²)
1170 1448 1467 1502 Bacchylides
1500 1447 1703 1489 hausisse

180 1522 333 1577 potest
364 1534 387 1562 e
429 1519 628 1576 quolibet
671 1521 807 1561 tonte.
871 1518 995 1575 origo
1038 1517 1256 1574 Delphica
1300 1517 1485 1560 alterius
1529 1516 1709 1559 fabulae

181 1591 375 1632 constat.
437 1589 535 1646 quis
580 1588 904 1632 contaminavit
951 1588 1027 1630 has
1073 1587 1182 1629 duas
1229 1586 1438 1629 fabulas?
1488 1587 1706 1629 llleiserus

180 1658 226 1713 (l.
250 1658 279 1701 l.
313 1674 354 1716 p.
378 1659 450 1713 22)
491 1658 914 1702 contaminationem
955 1657 1167 1714 ascripsit
1197 1660 1370 1714 poetae,
1414 1656 1487 1713 qui
1528 1656 1707 1698 deditus

182 1731 282 1771 erat
323 1728 502 1771 oraculo
547 1727 775 1784 Delphico,
816 1753 870 1757 —
912 1727 1135 1769 Aristeae.
1197 1726 1273 1768 sed
1317 1726 1423 1768 haec
1467 1725 1706 1775 sententia,

181 1797 451 1854 praesertim
484 1812 578 1839 cum
612 1811 832 1854 perpauca
864 1796 1052 1838 sciamus
1085 1795 1138 1837 de
1171 1795 1248 1837 illo
1272 1795 1472 1844 Aristea‚
1506 1794 1617 1837 nihil
1640 1797 1708 1836 est

182 1866 264 1909 nisi
299 1866 566 1918 coniectura,
600 1881 711 1922 quae
744 1865 1038 1908 fundamento
1072 1865 1188 1907 omni
1220 1867 1359 1908 caret.
1414 1880 1506 1907 meo
1530 1864 1708 1921 quidem

182 1936 342 1979 iudicio
389 1936 500 1978 nihil
548 1938 722 1987 obstat,
778 1936 884 1992 quin
930 1934 1250 1991 Bacchylidem
1294 1934 1438 1990 ipsum
1484 1933 1707 1977 addidisse

181 2006 373 2049 alteram
405 2006 602 2049 fabulam
635 2005 862 2062 Delphicis
902 2005 1213 2048 sacerdotibus
1253 2003 1450 2047 debitam
1481 2019 1706 2060 ponamus.

630 2229 690 2273 H.
741 2229 819 2274 De
850 2229 990 2274 vasis
1021 2228 1262 2285 imagine.

216 2366 221 2370 Π
299 2310 429 2364 Quod
459 2309 649 2354 Croesus
694 2310 739 2352 in
780 2325 890 2366 rogo
933 2324 979 2352 se
1017 2310 1159 2365 ipsum
1192 2309 1442 2352 sacrificare
1474 2309 1619 2352 voluit
1652 2334 1707 2339 ——

183 2379 227 2422 id
259 2379 375 2436 quod
407 2379 535 2422 modo
568 2380 853 2436 cognovimus
891 2379 1008 2435 apud
1038 2378 1353 2434 Bacchylidem
1391 2379 1520 2421 initio
1551 2392 1708 2420 narra-

184 2448 320 2492 tionis
337 2474 392 2479 —
409 2448 605 2492 feliciter
627 2450 886 2506 comprobat
909 2449 1053 2505 imago
1077 2449 1208 2500 vasis,
1234 2448 1350 2505 quod
1373 2456 1438 2490 est
1460 2447 1645 2490 Parisiis
1662 2449 1705 2500 ³).

305 2556 339 2600 1)
368 2555 420 2589 De
445 2556 586 2590 ratione
612 2556 707 2590 inter
726 2555 886 2600 Delphos
913 2561 948 2590 et
968 2555 1222 2600 Hyperboreos
1241 2555 1286 2588 cf.
1307 2555 1455 2588 Crusius
1475 2555 1508 2587 in
1532 2553 1707 2588 Roschcri

185 2613 302 2648 lexico
329 2613 356 2655 1,
375 2615 469 2649 2006
481 2624 559 2657 sqq.
585 2619 621 2649 et
650 2614 921 2658 Fnrtwaengler
947 2614 1032 2648 ibid.
1062 2614 1086 2656 Ι,
1103 2616 1171 2648 425
1184 2624 1235 2657 sq.

305 2674 344 2714 2)
369 2672 415 2706 cf.
442 2672 532 2707 illud
558 2673 724 2716 imaginis
751 2683 824 2715 vas,
853 2672 947 2716 quod
975 2672 1070 2706 infra
1098 2672 1345 2706 tractabimus.

305 2733 343 2770 3)
369 2730 415 2765 cf.
442 2731 632 2775 Welcker,
667 2732 741 2766 alte
769 2732 989 2766 Denkmiiler
1015 2732 1077 2772 111,
1105 2731 1177 2765 tab.
1206 2734 1261 2773 33,
1297 2731 1480 2774 explicata
1508 2740 1588 2774 pag.
1616 2732 1709 2773 4813

186 2789 694 2834 Furtwaengler—Reichhold,
721 2790 992 2825 Vasenmalerei
1012 2790 1055 2832 11,
1074 2790 1147 2823 tab.
1173 2792 1248 2831 113,
1277 2800 1428 2832 quorum
1454 2788 1593 2833 effigies
1622 2789 1709 2822 ima-

184 2849 279 2893 ginis
306 2858 399 2883 nunc
426 2848 503 2882 sola
529 2847 756 2893 respicienda
783 2854 849 2883 est.
