1915 3190
706 143 878 185 „49
939 167 994 174 --

91 277 178 305 non
210 264 277 305 est
311 260 526 316 originem
568 259 752 316 primam
794 257 1065 300 narrationis
1099 256 1395 299 Plutarclwav
1433 271 1614 313 eognos-

92 346 202 383 eere,
235 345 347 389 qnae
380 333 448 373 est
479 327 699 371 Herodoti
732 326 988 384 descriptio,
1032 342 1163 383 quam
1205 327 1472 369 sententiam
1506 326 1616 369 dicit

92 401 228 444 etiam
274 398 486 442 Busoltus
509 399 550 453 ¹).
626 396 880 447 Prinzius2‘)
929 400 971 438 et
1022 396 1382 450 Begv111a¹11111s¹¹>
1429 398 1615 453 probare

92 469 359 513 studuerunt
390 467 682 525 Hermippum
729 482 821 509 esse
868 466 1114 522 proximum
1160 464 1388 507 Plutarchi
1433 467 1614 518 fontem,

90 553 352 597 quamquam
393 541 563 580 certum
605 537 734 579 huius
776 535 995 592 opinionis
1038 534 1340 578 testimonium
1383 534 1488 576 dare
1530 549 1617 577 non

89 613 287 666 possunt.
341 607 417 651 sed
439 623 613 664 quoquo
636 606 764 648 modo
788 606 896 648 haee
929 621 997 648 res
1032 621 1077 648 se
1104 604 1252 655 hahet,
1287 604 1411 646 nohis·
1433 605 1616 657 gravius

90 692 182 721 esse
216 677 395 720 videtur
435 677 546 719 scire
590 675 864 719 Herodotum
907 676 1097 732 primum
1141 678 1303 716 testem
1343 674 1616 716 narrationis

88 746 385 790 Plutarcheae
430 762 536 789 esse.
607 745 824 803 quomodo
869 745 947 787 illa
988 743 1208 787 Herodoti
1253 744 1454 786 narratio
1498 742 1617 800 apud

87 815 380 860 Plutarchum
413 820 685 858 commutata
718 816 820 858 ost?

205 888 295 929 Cur
330 885 596 928 Plutarchus
630 884 741 927 hanc
774 884 926 927 Croesi
960 883 1089 925 exitii
1122 883 1439 934 narrationem,
1485 897 1616 939 quam

90 959 248 998 auctor
280 955 431 1007 fontis,
467 958 517 998 ut
539 955 850 1011 Begemannus
875 953 919 1007 (l.
939 953 986 995 lj)
1019 956 1139 995 recte
1173 952 1301 1004 dixit,
1335 951 1454 994 haud
1485 952 1617 994 dubie

88 1024 309 1067 fusissime
342 1026 623 1067 tractaverat
659 1027 705 1066 et
737 1039 832 1065 meo
867 1022 1028 1065 iudicio
1062 1022 1201 1065 etiam
1233 1022 1456 1078 integram
1489 1036 1616 1078 prae-

88 1094 260 1146 buerat,
294 1094 635 1136 commutaverit
675 1097 721 1135 et
754 1092 1046 1143 contraxerit,
1092 1091 1190 1134 luce
1231 1091 1394 1134 clarius
1436 1091 1535 1144 erit,
1581 1091 1618 1133 si

87 1163 438 1220 cognoverimus.
463 1178 540 1205 cur
562 1162 832 1205 Plutarchus
859 1161 939 1204 hoc
962 1160 1137 1204 Solonis
1161 1165 1207 1203 et
1231 1160 1386 1203 Croesi
1409 1176 1617 1203 commer-

89 1231 204 1275 cium
234 1232 490 1290 protulerit,
535 1246 799 1289 quamquam
845 1232 1058 1288 temporis
1100 1230 1298 1274 rationes
1331 1245 1510 1287 prorsus
1543 1231 1617 1272 ob-

89 1304 226 1345 stant.
278 1316 378 1345 nam
402 1305 576 1345 veteres
598 1301 809 1358 quosdam
833 1301 914 1344 hoc
938 1301 1024 1343 iam
1046 1300 1323 1358 perspexisse
1347 1299 1617 1342 Plutarchus

90 1371 185 1428 ipse
216 1371 327 1429 (cap.
350 1372 423 1426 27)
454 1386 532 1414 nos
565 1371 778 1414 certiores
811 1371 936 1413 facit.
989 1370 1130 1412 nihilo
1154 1369 1297 1411 minus
1322 1369 1446 1411 illam
1478 1368 1617 1411 histo-

92 1439 204 1483 riam
243 1444 400 1484 narrat
441 1443 487 1483 et
530 1455 706 1483 causam
753 1440 883 1482 huius
929 1440 994 1482 rei
1025 1441 1161 1482 affert
1192 1438 1300 1480 haec·
1331 1439 1490 1480 verba:
1538 1437 1620 1491 ἐγὼ

91 1510 139 1552 δὲ
171 1511 304 1564 λόγον
341 1511 524 1561 ἔνδοξον
563 1511 674 1552 οὕτω
719 1511 786 1552 καὶ
832 1510 1058 1559 τοιούτους
1096 1509 1320 1563 μάρτυρας
1350 1506 1503 1562 ἔχοντα
1534 1509 1617 1560 καί,

89 1580 113 1623 ὃ
152 1582 300 1634 μεῖζόν
341 1581 443 1629 ἐστι,
488 1581 704 1635 πρέποντα
747 1588 804 1637 τῷ
836 1582 1047 1629 Σόλωνος
1078 1580 1178 1633 ἤθει
1221 1579 1291 1620 καὶ
1332 1584 1406 1631 τῆς
1448 1576 1618 1619 ἐκείνου

88 1651 478 1704 μεγαλοφροσύνης
509 1649 580 1692 καὶ
612 1651 769 1702 σοφίας
800 1650 938 1702 ἄξιον,
978 1650 1030 1691 οὔ
1071 1665 1139 1702 μοι
1185 1649 1298 1689 δοκῶ
1330 1649 1617 1701 προήσεσθαι.

89 1718 288 1762 videmus
330 1719 473 1776 igitur
517 1718 748 1761 Plutarchi
800 1718 882 1760 hoc
926 1718 1067 1760 solum
1108 1716 1368 1759 interfuisse
1411 1715 1618 1758 Solonem

87 1788 170 1832 hac
212 1789 471 1832 narratione
517 1787 722 1831 laudibus
768 1789 940 1830 efferre.
1003 1785 1154 1830 eadem
1196 1789 1264 1828 est
1305 1799 1460 1838 causa,
1505 1799 1619 1842 quae

88 1858 213 1901 illum
246 1858 495 1910 commovit,
539 1862 590 1901 ut
623 1858 769 1900 onmia
802 1857 1048 1909 omitteret,
1093 1869 1206 1912 quae
1237 1854 1351 1897 nihil
1382 1855 1620 1898 conferunt

89 1927 147 1972 ad
178 1927 353 1971 Solonis
385 1928 590 1984 gloriam.
641 1928 794 1984 itaque
816 1926 995 1969 silentio
1018 1925 1324 1982 praetermisit
1346 1924 1616 1981 Apollinem,

91 1997 167 2054 qui
210 1996 329 2054 apud
359 1996 640 2040 Herodotum
679 1997 863 2038 imbrem
895 1996 1080 2038 mittens
1114 1994 1233 2037 solus
1267 1994 1477 2036 Croesum
1509 2008 1617 2049 rogo

89 2067 302 2110 servavit.
363 2080 500 2123 quare
533 2065 804 2109 Plutarchus
832 2065 995 2118 effecit,
1028 2068 1079 2107 ut
1112 2063 1216 2106 Solo
1248 2063 1374 2106 nobis
1408 2062 1619 2105 videatur

88 2135 208 2180 solus
252 2136 465 2180 Croesum
508 2139 651 2179 morte
695 2135 970 2179 liberavisse.
1040 2133 1161 2191 quod
1205 2133 1487 2176 confirmavit
1531 2132 1618 2175 fine

87 2204 218 2249 huius
258 2206 440 2263 capitis:
485 2205 554 2248 καὶ
597 2206 730 2257 δόξαν
769 2207 893 2261 ἔσχεν
925 2205 948 2248 ὁ
981 2206 1141 2246 Σόλων
1179 2202 1244 2245 ἑνὶ
1285 2205 1398 2260 λόγῳ
1429 2204 1506 2245 τὸν
1537 2200 1618 2256 μὲν

89 2276 243 2329 σώσας,
274 2277 350 2318 τὸν
382 2274 430 2318 δὲ
462 2276 703 2325 παιδεύσας
734 2283 821 2317 τῶν
853 2274 1080 2329 βασιλέων.

211 2428 244 2469 l)
272 2425 412 2469 Busolt,
439 2425 501 2460 Gr.
528 2425 656 2461 Gesch.
682 2425 744 2468 11²,
763 2427 820 2460 53.

206 2486 244 2528 2)
270 2484 390 2528 Prinz,
418 2484 462 2520 de
489 2484 632 2520 Solonis
661 2484 870 2519 Plutarchei
897 2483 1082 2526 sontibu83
1114 2483 1205 2518 Diss.
1225 2482 1338 2516 Bonn.
1378 2483 1477 2515 1867.
1506 2491 1539 2524 p.
1559 2481 1615 2514 39.

208 2546 244 2586 3)
272 2543 491 2588 Begemann,
519 2544 750 2588 quaestiones
779 2543 957 2579 Soloneae
983 2543 1017 2586 13
1045 2542 1140 2577 Diss.
1169 2541 1268 2577 Gott.
1311 2542 1410 2575 1875.
1451 2549 1531 2583 pag.
1559 2540 1615 2574 22.
