1915 3190
735 138 1019 180 -51-

124 254 324 299 exercitu
368 252 532 297 Sardes
579 251 762 296 reducto
807 252 938 295 scalis
991 268 1136 295 muros
1183 252 1396 296 custodiis
1445 260 1647 297 carentes

124 323 326 368 ascendit
358 327 405 367 et
436 323 587 366 urbem
619 323 866 379 occupavit.

239 394 284 447 2)
327 392 431 444 VU,
454 393 560 444 &32
595 391 715 433 Uriu-
739 396 955 448 occupata
979 391 1166 434 Croesus
1200 393 1243 434 in
1276 407 1419 435 arveni
1453 409 1497 435 se
1531 409 1646 436 rece-

124 463 205 522 pit,
239 466 291 506 ut
322 461 537 505 auxilium
568 462 839 503 (imm-orum
873 464 1166 517 exspectaret.
1220 463 1367 517 Cyrus
1397 469 1544 505 autom
1580 464 1644 515 iis,

122 533 200 591 qui
231 532 276 575 in
307 546 408 574 aree.
440 533 569 573 erant
602 530 772 579 inclusi,
806 530 1075 587 propinquos
1108 530 1152 572 in
1186 532 1290 572 urbe¹
1323 538 1476 588 captos
1501 539 1646 575 osten-

123 602 230 646 dens
261 600 391 652 dixit,
433 600 467 643 si
500 614 580 642 arx
614 599 885 650 truderetur,
928 602 1128 642 futurum
1160 616 1267 651 esse,
1311 606 1360 643 ut
1395 601 1515 643 vitae
1549 617 1645 657 pro-

123 672 386 731 pinquorum
419 672 698 727 parc-eretur,
742 670 778 711 si
819 685 926 722 non,
972 670 1072 712 illos
1104 669 1339 726 suspendio
1373 671 1567 713 interimi
1601 689 1646 714 se

123 743 342 786 iussurum
383 755 489 784 osse.
563 739 809 796 oppugnati
854 744 1001 782 autem
1047 741 1197 782 urbem
1242 739 1549 792 tradiderunt,
1595 746 1646 784 ut

123 812 247 856 vitae
278 810 624 868 propinquorum
658 812 905 865 parcerent.
940 834 994 839 -—
1025 824 1138 865 quae
1171 813 1360 866 utraque
1394 825 1495 866 pars
1528 811 1647 852 inter

123 896 168 925 se
199 882 393 924 fortasse
424 878 632 934 coniungi
664 881 836 935 potest,
883 878 919 920 si
962 878 1039 921 illa
1081 878 1200 920 inter
1241 880 1390 921 urbem
1424 885 1470 922 et
1501 894 1645 922 arcein

122 951 381 995 differentia
412 950 634 1004 (Σάρδεις,
666 951 813 997 πόλιςς
845 949 1096 1003 ἀκρόπολις)
1128 952 1352 991 servatur.

239 1021 282 1075 3)
328 1019 449 1062 Haec
487 1018 626 1061 tortia
665 1017 866 1060 narratio
898 1017 1020 1073 (Vll,
1044 1020 1083 1069 6,
1105 1019 1175 1070 10)
1215 1017 1338 1060 nullo
1381 1017 1507 1060 inodo
1549 1033 1645 1061 cum

121 1090 213 1133 illis
244 1089 466 1132 cohaeret.
529 1087 609 1130 hoc
652 1088 747 1130 loco
791 1091 948 1130 auctor
992 1088 1077 1130 iam
1118 1103 1205 1130 non
1245 1086 1486 1143 distinguit
1527 1088 1646 1130 inter

120 1161 273 1203 urbem
306 1164 352 1202 et
383 1173 541 1210 arcem,
575 1157 651 1199 sed
684 1157 831 1200 utitur
861 1157 988 1200 inodo
1022 1172 1127 1200 voce
1160 1158 1349 1211 Σιέρὸεις
1380 1156 1506 1200 modo
1539 1172 1645 1200 voce

121 1230 244 1284 ἄκρα.
268 1253 323 1259 -
345 1227 494 1284 Cyrus
516 1226 677 1269 Sardes
707 1242 967 1283 oppugnans
990 1226 1161 1283 ligneas
1183 1226 1349 1282 figuras
1373 1226 1469 1269 fieri
1501 1226 1643 1279 iussit,

122 1312 232 1357 quas
263 1297 452 1341 Persicis
485 1296 696 1346 vestibus,
732 1297 891 1348 barbis,
925 1295 1162 1352 pharetris,
1196 1297 1383 1338 arcubus
1417 1296 1645 1338 instruxit.

123 1382 237 1426 quae
268 1367 505 1410 simulacra
536 1366 685 1408 Persis
727 1366 889 1408 similia
930 1366 976 1408 in
1007 1366 1164 1422 longas
1198 1365 1389 1422 perticas
1423 1365 1643 1422 imposita,

122 1441 176 1481 ut
221 1437 338 1480 muri
385 1435 672 1479 altitudinem
719 1434 1044 1492 adaequarent,
1093 1439 1222 1478 nocte
1266 1434 1323 1478 ad
1367 1435 1539 1478 moenia
1570 1434 1645 1477 ad-

122 1507 291 1551 moveri
337 1506 480 1549 iussit.
552 1504 710 1548 deindo
757 1505 900 1561 prima
944 1505 1040 1548 luce
1086 1504 1280 1561 reliquas
1327 1505 1447 1547 urbis
1494 1508 1646 1561 partes

124 1591 362 1634 aggressus
394 1578 481 1629 est,
524 1575 601 1619 sed
632 1574 834 1631 repulsus
867 1576 948 1617 est.
1009 1590 1107 1616 cum
1138 1579 1287 1617 autem
1318 1573 1522 1616 nonnulli
1554 1574 1645 1629 Ly-

125 1646 280 1690 dorum
302 1646 537 1689 Persarum
559 1644 797 1687 simulacra
819 1658 952 1701 supra
973 1658 1118 1687 arcem
1139 1643 1358 1696 viderent,
1383 1644 1472 1686 rati
1494 1645 1646 1686 urbem

126 1717 213 1759 iam
256 1730 351 1759 esse
395 1718 718 1771 expugnatam,
774 1716 928 1770 portas
971 1714 1283 1770 patefecerunt
1327 1717 1374 1756 et
1417 1714 1644 1770 fugerunt.

124 1786 192 1828 ita
224 1784 371 1842 Cyrus
403 1783 564 1828 Sardes
597 1784 640 1827 vi
673 1783 804 1840 cepit.

630 1912 691 1955 ΙΙ.
744 1912 823 1956 De
854 1912 1130 1955 fontibus.

242 1997 311 2041 De
341 1997 563 2054 Polyaeni
595 2011 726 2054 opere
758 2000 804 2040 et
835 1997 1036 2039 fontibus
1067 1995 1447 2039 Wilamowitzius
1468 1996 1496 2050 ¹)
1536 1995 1646 2038 dicit

123 2066 254 2111 haee:
302 2067 558 2124 „Polyfinus
589 2066 774 2109 widmet
815 2066 900 2109 den
940 2066 1134 2109 Kaisern
1166 2066 1339 2107 Marcus
1380 2064 1472 2107 und
1502 2064 1646 2108 Verus

123 2137 221 2181 eine
251 2151 330 2180 aus
361 2137 550 2193 bifligen
579 2135 788 2179 Biichern
818 2134 1356 2192 zusammengestoppelte
1387 2134 1646 2190 Sammlung

121 2221 211 2251 von
240 2206 567 2264 Kriegslisten:
615 2205 686 2249 die
726 2205 1088 2249 unausstehliche
1118 2205 1314 2247 Ziererei
1347 2204 1491 2247 seiner
1520 2202 1645 2246 Reda

121 2276 184 2319 ist
213 2275 294 2319 das
326 2276 511 2332 einzige‚
544 2290 638 2319 was
669 2291 717 2319 er
747 2275 862 2318 dazu
893 2278 981 2328 tut,
1014 2275 1061 2317 in
1082 2273 1324 2317 Wahrheit
1349 2273 1429 2316 hat
1463 2288 1511 2316 er
1540 2272 1645 2316 kein

122 2344 366 2388 sachliches
397 2345 662 2388 Interesse“.
724 2344 779 2388 de
817 2344 1018 2387 fontibus
1059 2343 1190 2386 huius
1235 2343 1432 2386 auctoris
1473 2343 1540 2385 ita
1571 2341 1644 2384 de-

123 2414 281 2472 scripti
309 2429 398 2458 non
430 2415 630 2458 omnibus
660 2414 769 2457 locis
800 2417 921 2458 certe
952 2413 1142 2456 iudicari
1171 2415 1337 2469 pot-est.

242 2487 261 2526 1
308 2487 356 2527 et
397 2484 441 2540 2)
507 2484 605 2527 Hae
654 2483 936 2526 narrationes
982 2484 1037 2526 ab
1084 2481 1236 2525 eodem
1280 2482 1406 2523 fonte
1453 2479 1643 2536 pendere

123 2551 348 2595 videntur.
417 2553 535 2610 quod
579 2554 797 2610 probatur
838 2567 891 2596 ea
932 2567 1001 2606 re,
1047 2551 1167 2608 quod
1210 2546 1484 2607 expugnatio
1530 2548 1644 2590 arcis

126 2623 363 2678 separatur
401 2623 457 2664 ab
494 2622 617 2665 urbis
648 2621 993 2679 expugnatione.
1055 2633 1319 2677 quamquam
1351 2618 1448 2661 fieri
1478 2616 1641 2673 potuit,

250 2774 282 2814 1)
311 2770 564 2814 Wilamowitz,
590 2770 657 2805 Die
682 2770 816 2814 griech.
836 2769 949 2804 Liter.
975 2767 1038 2803 des
1056 2768 1276 2810 Altertums3
1303 2767 1436 2802 Kultur
1454 2765 1488 2801 d.
1507 2765 1644 2811 Gegan-

125 2837 218 2869 wart
243 2844 277 2878 p.
308 2835 383 2867 153.

1301 2887 1364 2929 4*
