2009 3201
926 160 1180 201 -ss—

302 273 420 328 quod
450 276 603 316 natum
636 288 730 315 esse
762 273 880 316 circa
912 288 948 315 a.
984 274 1092 324 500,
1137 276 1258 316 certe
1291 280 1395 317 ante
1428 274 1546 317 bella
1579 276 1814 318 Persarum

302 342 583 395 archaeologi
614 342 910 384 consentiunt.

596 486 631 528 Ι.
684 487 1018 543 Explicatio
1052 488 1206 529 vasis
1240 488 1518 543 imaginis.

417 572 608 615 Croesus
653 575 814 615 ornatu
858 573 982 628 regio
1026 573 1206 614 indutus
1260 573 1385 615 sedet
1436 574 1481 615 in
1531 575 1641 617 sella
1691 576 1815 631 regia

301 641 510 697 imposita
542 641 587 683 in
617 657 771 697 rogum
804 642 1002 683 omnibus
1032 642 1078 682 in
1109 642 1310 697 partibus
1340 643 1512 698 pariter
1534 644 1812 699 flagrantem,

301 711 487 753 sinistra
528 725 657 752 manu
700 713 856 752 tenens
902 713 1125 766 sceptrum
1168 711 1356 766 regium,
1399 712 1560 755 dextra
1599 716 1814 769 pateram.

300 779 423 821 infra
455 781 549 821 stat
583 780 651 821 vir
683 780 957 835 subligaculo
989 781 1165 822 tantum
1198 780 1380 833 cinctus,
1420 796 1508 822 non
1547 782 1681 835 faces,
1725 783 1813 834 sed,

302 851 352 890 ut
375 847 641 890 Welckerus
674 851 796 890 recte
827 848 1089 903 cognovisse
1120 849 1226 890 mihi
1248 849 1440 901 videtur,
1474 850 1652 892 flabella
1683 852 1814 894 sacri-

301 917 446 960 ficalia
484 917 684 959 manibus
725 920 892 959 tenens.
955 917 1077 959 cuius
1119 933 1172 959 ex
1212 919 1386 960 nomine
1422 918 1723 974 „Euthymos“
1770 923 1816 962 et

301 1001 323 1028 e
357 986 502 1041 capite
546 1001 705 1028 corona
748 992 907 1028 ornato
952 986 1151 1028 concludi
1190 989 1342 1042 potest
1382 987 1506 1028 illum
1540 1003 1634 1030 esse
1666 989 1814 1044 potius

300 1056 551 1097 ministrum
594 1056 915 1098 sacrificantem
957 1070 1086 1111 quam
1129 1056 1204 1111 qui
1242 1056 1353 1112 Cyri
1393 1057 1516 1099 iussu
1556 1072 1712 1113 rogum
1752 1059 1814 1099 in-

301 1124 474 1166 cendat.

418 1193 629 1235 Videmus
662 1193 804 1248 igitur
835 1194 948 1235 hanc
970 1194 1205 1250 imaginem
1228 1194 1436 1237 Croesum
1469 1210 1515 1238 se
1546 1196 1689 1251 ipsum
1721 1196 1814 1238 deis

301 1262 621 1305 sacrificantem
653 1262 811 1314 facere,
844 1263 890 1304 id
922 1264 1049 1319 quod,
1083 1266 1319 1320 postquam
1346 1265 1631 1320 Bacchylidis
1662 1279 1814 1307 narra-

300 1331 469 1373 tionem
511 1332 817 1386 cognovimus,
864 1333 1004 1374 multo
1054 1333 1228 1375 facilius
1275 1334 1539 1389 intellegere
1587 1349 1814 1389 possumus

299 1415 430 1456 quam
460 1400 726 1443 Dunckerus
759 1405 805 1444 et
836 1401 913 1444 alii
945 1402 1032 1445 Viri
1064 1402 1196 1455 docti,
1239 1403 1314 1459 qui
1348 1403 1629 1458 Bacchylidis
1660 1418 1816 1446 narra-

299 1470 421 1512 tione
461 1485 549 1511 non
590 1470 766 1525 cognita
808 1472 958 1513 tamen
994 1471 1076 1513 hac
1107 1472 1225 1514 vasis
1259 1473 1450 1528 imagine
1482 1473 1689 1516 commoti
1721 1489 1814 1515 sen-

300 1539 490 1580 tentiam
533 1538 744 1581 dixerunt
775 1539 987 1582 Croesum
1018 1556 1121 1583 vere
1163 1556 1208 1582 se
1249 1541 1390 1597 ipsum
1433 1542 1811 1595 sacrificavisse¹).

415 1608 503 1650 Sed
523 1608 635 1650 hanc
656 1609 860 1664 imaginis
884 1609 1237 1666 descriptionem,
1273 1625 1382 1666 quae
1405 1626 1565 1666 magna
1597 1627 1650 1654 ex
1681 1614 1812 1668 parte

298 1677 343 1719 in
375 1677 605 1720 Welckeri
646 1678 1026 1734 interpretatione
1068 1680 1216 1735 posita
1260 1684 1350 1733 est,
1405 1696 1492 1723 non
1535 1696 1682 1724 omnes
1725 1681 1813 1724 Viri

299 1746 419 1788 docti
451 1748 753 1802 comprobant.
817 1747 1090 1790 Schubertus
1130 1751 1268 1804 negat
1299 1763 1351 1791 ea
1382 1749 1571 1791 describi
1603 1749 1814 1792 Croesum

300 1829 345 1857 se
380 1815 524 1870 ipsum
556 1816 879 1858 sacrificantem
897 1816 941 1871 ²).
975 1843 1030 1846 —
1063 1817 1197 1859 etiam
1229 1817 1646 1873 Furtwaenglerus‚
1689 1819 1811 1861 cuius

426 1952 458 1989 1)
487 1948 599 1991 Quam
638 1951 854 1985 sententiam
893 1951 1055 1986 defendit
1094 1953 1201 1986 etiam
1247 1953 1562 1996 Furtwaenglerus
1602 1953 1656 1986 his
1694 1953 1812 1987 verbis

298 2007 442 2050 optimis
470 2014 566 2051 (pag.
594 2011 699 2047 278):
736 2010 877 2052 „XVenn
904 2011 967 2044 wir
1002 2011 1072 2044 alle
1098 2011 1196 2055 Zuge
1227 2012 1274 2044 im
1301 2011 1403 2045 Bilde
1429 2012 1490 2045 f'ur
1516 2011 1726 2046 bedeutsam
1753 2023 1812 2045 an-

298 2066 417 2107 sehen,
446 2066 517 2100 und
536 2067 599 2102 das
619 2072 762 2102 mussen
781 2069 844 2102 wir
870 2072 933 2102 tun
958 2070 1015 2103 bei
1046 2070 1144 2104 einer
1172 2081 1210 2104 so
1229 2070 1486 2113 gewissenhaft
1505 2069 1812 2113 durchgefuhrten

298 2125 437 2167 Arbeit‚
474 2125 569 2159 daun
597 2127 692 2160 kann
720 2127 777 2161 die
804 2127 1055 2171 Opfeischale,
1091 2128 1149 2162 die
1174 2129 1312 2163 Krosus
1340 2129 1392 2163 als
1420 2128 1574 2172 Opferer
1600 2128 1673 2162 und
1699 2128 1812 2172 Opfer

298 2184 333 2216 in
361 2184 460 2217 einer
485 2184 621 2218 Person
648 2186 823 2228 ausgiesst‚
851 2186 974 2221 ferner
993 2187 1056 2221 das
1076 2188 1210 2230 Zepter
1235 2188 1271 2220 in
1299 2186 1366 2221 den
1386 2187 1538 2221 Handen
1564 2187 1625 2221 des
1645 2188 1811 2229 Fursten‚

299 2242 374 2275 sein
403 2242 541 2285 Thr0n‚
580 2243 647 2277 den
683 2254 722 2277 er
757 2245 831 2278 sich
868 2244 934 2279 auf
967 2245 1035 2279 den
1063 2245 1363 2279 Scheiterhaufen
1399 2246 1528 2280 stellen
1563 2246 1654 2289 liess‚
1694 2246 1810 2280 nichts

299 2300 450 2335 anderes
485 2312 594 2345 sagen
622 2303 758 2345 wollen‚
795 2305 848 2337 als
885 2304 954 2338 dass
982 2305 1119 2338 Krosus
1154 2305 1336 2348 freiwillig
1362 2305 1398 2338 in
1425 2304 1492 2338 den
1519 2304 1596 2338 Tod
1623 2306 1717 2348 geht,
1753 2316 1809 2339 um

299 2360 353 2394 als
380 2360 499 2404 Konig
525 2372 567 2394 zu
596 2363 739 2396 sterben
767 2367 905 2397 anstatt
941 2363 994 2397 als
1022 2363 1252 2407 Gesangener
1279 2365 1353 2398 sein
1382 2364 1566 2398 Schicksal
1594 2364 1628 2397 in
1656 2364 1719 2398 das
1746 2365 1811 2398 Be-

298 2418 416 2452 liobcn
443 2418 504 2453 des
532 2420 673 2463 Sicgcrs
702 2432 745 2454 zu
772 2422 934 2455 stellen“.

417 2479 454 2522 2)
480 2478 501 2510 l.
522 2478 543 2511 l.
571 2489 651 2522 pag.
674 2481 758 2521 1253
795 2479 857 2513 sed
894 2481 1005 2514 miror
1030 2480 1141 2522 illuni,
1178 2480 1238 2524 qui
1273 2491 1399 2523 parum
1427 2485 1594 2514 accurate
1621 2481 1810 2524 imaginem

299 2536 501 2579 inspexisse
526 2536 685 2580 videtur,
722 2539 879 2572 seribere
916 2539 1079 2582 potuisse
1113 2539 1220 2573 haec:
1262 2539 1326 2582 „In
1353 2539 1431 2573 dem
1459 2539 1708 2582 Opserdiener,
1748 2540 1812 2574 der

299 2593 367 2627 den
393 2595 503 2629 sehon
539 2596 767 2630 brenncndcn
794 2597 968 2631 lIolzstoss
1004 2598 1068 2631 mit
1093 2598 1338 2632 VVeihwasser
1364 2598 1569 2642 besprengt,
1606 2598 1693 2632 wird
1730 2609 1810 2632 inan

299 2653 355 2687 bei
374 2665 572 2697 genauerer
591 2656 838 2699 Betrachtung
856 2656 948 2690 wohl
974 2667 1041 2690 nur
1059 2656 1161 2691 einen
1180 2657 1448 2700 gewohnliehen
1466 2657 1597 2691 Perser
1617 2657 1809 2700 erkennen,

299 2711 362 2745 (lcr
397 2713 495 2746 nicht
522 2713 778 2756 Weihwasser,
816 2713 971 2749 sondern
1003 2715 1111 2748 allein
1148 2715 1308 2749 schlecht
1334 2715 1483 2749 Wasser
1517 2726 1581 2748 zur
1608 2715 1713 2749 Hand
1748 2716 1811 2749 hat

299 2770 371 2803 und
406 2770 517 2805 damit
549 2771 616 2805 den
643 2773 753 2806 sehon
783 2773 1010 2808 brennenden
1038 2773 1337 2808 Scheiterhaufen
1364 2773 1431 2808 auf
1453 2773 1580 2808 Befehl
1609 2773 1670 2808 des
1698 2774 1810 2820 Cyrus

299 2840 342 2862 zu
369 2829 515 2863 loschen
542 2830 723 2873 bcgimit“.
