2009 3201
990 182 1275 223 --28—

376 298 544 340 facinus
588 296 699 338 illud
741 296 989 338 tribuerint
1021 296 1154 351 Cyro.
1216 297 1345 339 immo
1389 312 1496 340 vero
1528 297 1777 354 ponendum
1818 299 1888 339 est

376 382 447 408 eos
482 366 744 421 comperisse
773 365 886 407 hanc
916 380 1007 407 rem
1039 379 1065 407 a
1096 365 1288 408 testibus
1321 366 1491 422 Lydiis.

490 435 530 487 3)
577 434 690 476 Ath
705 434 824 476 enis
851 434 1027 476 laudem
1051 433 1160 489 Cyri
1181 434 1315 476 animi
1337 435 1596 478 commutati
1617 435 1888 478 attributam

375 518 468 546 esse
501 503 663 555 Soloni,
697 503 771 559 qui
803 503 1132 558 sapientissima
1162 506 1404 560 praecepta
1426 504 1587 546 Croeso
1617 504 1886 556 tradiderat,

374 588 460 615 non
502 573 729 614 miramur.
791 573 919 628 quasi
962 587 1106 614 secum
1159 572 1409 628 colloquens
1455 573 1644 615 Croesus
1687 574 1734 615 in
1777 588 1885 628 rogo

374 641 573 684 meminit
605 641 791 683 Solonis.
854 656 938 696 quo
971 641 1036 693 fit,
1069 643 1120 682 ut
1153 634 1302 695 Cyrus
1335 641 1556 697 sapientia
1588 641 1676 685 viri
1698 642 1886 684 Atheni-

374 711 489 753 ensis
522 711 667 753 victus
709 710 899 752 animum
939 712 1085 752 mutet
1117 712 1162 752 et
1194 712 1344 752 servet
1377 710 1600 752 Croesum.
1643 712 1714 752 καὶ
1756 712 1888 761 δόξαν

373 783 495 835 ἔσχεν
530 781 551 821 ὁ
585 782 739 821 Σόλων
781 778 844 822 ἑνὶ
879 782 986 835 λόγῳ
1025 781 1099 821 τὸν
1139 778 1219 831 μὲν
1251 780 1412 831 σώσας,
1458 782 1533 821 τὸν
1573 779 1620 821 δὲ
1652 781 1887 829 παιδεύσας

374 857 457 891 τῶν
488 849 704 902 βασιλέων
735 849 873 903 (Plut.
908 848 1055 901 Solon,
1089 849 1173 902 28).

487 918 609 961 Haec
640 917 807 961 fabella
837 918 997 960 Attica
1029 918 1122 961 sine
1153 917 1284 960 dubio
1318 920 1387 961 est
1419 932 1506 960 una
1537 933 1589 960 ex
1618 918 1685 971 iis,
1731 918 1887 974 quibus

373 988 646 1044 pulchriores
675 987 866 1042 cogitari
885 1002 973 1030 non
994 989 1180 1043 possunt
1202 987 1247 1042 1).
1298 987 1557 1030 Herodotus
1581 1002 1675 1030 eam
1696 987 1888 1030 inseruit

372 1058 418 1099 in
449 1057 550 1113 rogi
580 1057 904 1109 narrationem7
948 1059 1001 1099 ut
1044 1071 1177 1112 supra
1210 1056 1413 1099 vidimus.
1477 1072 1530 1099 ex
1569 1056 1646 1098 illo
1688 1062 1888 1113 tempore

372 1126 594 1169 artissime
638 1126 868 1168 coniuncta
914 1127 984 1167 est
1028 1140 1123 1167 cum
1166 1126 1265 1181 rogi
1307 1126 1508 1169 historia.
1582 1126 1746 1182 optime
1793 1140 1888 1168 eam

373 1195 629 1238 aestimavit
659 1194 931 1237 Plutarchus
953 1195 998 1249 2).

706 1497 786 1541 IV.
838 1497 916 1541 De
949 1497 1201 1552 Gtesiae3)
1234 1498 1547 1542 narratione.

487 1592 664 1646 Viginti
695 1592 832 1634 trium
872 1592 1108 1645 librorum,
1154 1593 1229 1649 qui
1269 1593 1476 1650 inscripti
1516 1596 1648 1636 erant
1680 1594 1886 1646 Περσικά,

371 1663 636 1704 conservata
676 1664 746 1704 est
786 1662 980 1718 epitoma
1013 1662 1107 1704 sola
1138 1663 1182 1704 in
1213 1662 1367 1705 Photii
1398 1663 1668 1706 bibliotheca
1698 1663 1885 1706 tradita.

372 1745 482 1786 quae
513 1730 678 1786 pendet
708 1726 795 1772 non
828 1746 852 1772 a
886 1731 1041 1773 Ctesia
1070 1732 1180 1787 ipso,
1216 1732 1291 1774 sed
1324 1747 1349 1774 a
1371 1732 1630 1788 Pamphilae
1662 1734 1885 1789 excerpto.

371 1814 462 1855 cap.
496 1799 564 1841 IV
583 1800 615 1853 4)
666 1799 794 1841 huius
833 1800 985 1842 Photii
1026 1801 1227 1856 excerpti
1259 1801 1367 1843 satis
1401 1801 1551 1856 exigui
1582 1801 1887 1858 cognoscimus

370 1869 583 1911 nonnulla
615 1868 667 1910 de
699 1869 931 1924 Lydorum
964 1870 1093 1925 regni
1124 1870 1260 1912 exitu.

871 2009 907 2050 Ι.
955 2009 1375 2065 Argumentum.

488 2093 528 2145 1)
578 2091 721 2148 Cyrus
753 2107 848 2134 cum
879 2092 1093 2148 Amorga,
1127 2108 1232 2149 rege
1264 2093 1487 2147 Sacarum,
1522 2093 1685 2136 Croeso
1722 2094 1887 2137 bellum

370 2161 537 2203 intulit.
601 2161 799 2203 Oebarae
831 2162 1013 2204 consilio
1036 2162 1159 2204 facta
1191 2166 1294 2204 sunt
1325 2163 1474 2218 lignea
1496 2163 1733 2205 Persarum
1756 2163 1885 2205 simu-

370 2229 514 2283 lacra,
558 2245 670 2286 quae
704 2230 908 2272 Sardium
946 2231 1100 2273 incolis
1134 2231 1381 2274 iniecerunt
1412 2232 1627 2275 timorem.
1691 2232 1751 2275 sic
1781 2233 1886 2275 urbs

371 2302 502 2354 capta
549 2301 630 2341 est.
705 2300 954 2342 accuratius
1001 2300 1228 2357 descripta
1274 2304 1343 2344 est
1389 2302 1496 2344 haec
1542 2302 1885 2358 expugnationis

370 2368 487 2410 ratio
521 2383 546 2410 a
576 2369 818 2423 Polyaeno,
853 2385 979 2426 quem
1011 2370 1133 2412 infra
1163 2371 1471 2414 tractabimus.

486 2438 527 2491 ⁶2)
574 2438 696 2479 Ante
738 2442 891 2494 captas
925 2439 1084 2482 Sardes
1118 2440 1274 2483 Croesi
1315 2441 1432 2483 filius
1474 2441 1669 2484 traditus
1703 2443 1770 2484 est
1802 2456 1884 2497 pro

372 2507 533 2549 obside.
596 2508 716 2550 cuius
750 2508 829 2549 filii
863 2509 1129 2551 mentionem
1169 2510 1277 2552 fecit
1309 2511 1443 2553 etiam
1472 2510 1729 2553 Herodotus
1761 2511 1798 2564 Ι,
1815 2511 1883 2564 34,

371 2577 437 2629 38,
457 2577 523 2629 85,
559 2591 818 2633 quamquam
850 2577 938 2620 alio
970 2578 1108 2622 modo.
1152 2585 1300 2622 tamen
1321 2580 1475 2636 agitur
1502 2580 1615 2636 apud
1650 2582 1886 2636 utrumque

492 2688 524 2721 1)
552 2684 596 2718 cf.
624 2685 965 2720 Erdmannsdorffer
991 2686 1012 2720 l.
1033 2686 1055 2719 l.
1083 2698 1116 2730 p.
1145 2689 1222 2721 293.

491 2748 526 2783 2)
553 2745 596 2779 cf.
624 2746 717 2780 Plut.
737 2746 817 2789 Sol.
845 2756 920 2789 cap.
942 2748 1005 2789 273
1033 2746 1078 2781 cf.
1107 2747 1214 2781 etiam
1240 2747 1338 2781 infra
1364 2757 1444 2791 pag.
1465 2749 1520 2781 49.

489 2808 523 2843 3)
553 2805 604 2837 Dc
632 2805 772 2838 (ftesiac
798 2804 872 2838 vita
899 2808 935 2839 et
961 2815 1069 2848 opere
1097 2804 1142 2838 cf.
1171 2805 1471 2840 Christ-Schmidt
1497 2816 1578 2849 pag.
1598 2807 1664 2840 493
1678 2816 1732 2848 sq.

490 2866 525 2905 Δ1)
554 2863 716 2906 Mueller,
745 2864 884 2898 etesiae
902 2864 1040 2907 fragm„
1071 2876 1127 2908 ap.
1148 2864 1314 2909 Dindorf,
1342 2864 1558 2909 Herodotus,
1586 2865 1630 2900 fr.
1644 2867 1700 2908 29,
1728 2874 1808 2908 pag.
1825 2866 1879 2898 46.
