1915 3190
723 157 777 162 —
838 134 893 173 33

231 250 269 304 l)
315 249 504 302 §2··4:
566 247 632 290 De
685 247 890 290 Sardium
938 247 1165 289 obsidione
1213 250 1258 288 et
1305 247 1634 304 expugnatione

111 318 358 376 Xenophon
390 317 495 360 haec
529 316 740 359 tradidit:
781 318 929 372 (ssvrus
953 322 1057 359 anti·
1081 332 1229 359 muros
1263 317 1443 373 paravit
1476 318 1634 361 omnia.

113 389 237 445 quasi
271 390 423 431 urbem
455 402 715 444 oppugnare
751 386 901 429 vellet.
965 386 1039 429 sed
1087 387 1169 429 iam
1214 389 1473 443 insequente
1506 395 1635 429 noete

110 457 265 501 mediis
305 457 349 500 in
390 456 758 513 apparationibus
804 472 948 499 muros
989 456 1164 499 ascendi
1201 457 1330 499 iussit
1362 457 1469 498 «lure
1503 472 1635 499 servo

110 527 194 572 loci
239 527 397 584 perito.
462 526 581 582 Lydi
627 527 668 568 in
714 542 862 568 omnes
910 530 1063 583 partes
1110 527 1344 581 fugerunt.
1393 531 1439 568 ut
1487 529 1634 580 (tyrus

111 597 256 655 prima
278 597 373 639 luce
397 596 571 652 ingredi
597 601 748 652 posset
783 598 949 638 urbem.
987 622 1030 626 *-
1066 596 1172 639 haec
1206 596 1406 638 narratio
1439 597 1636 638 manavit

110 683 164 710 ex
199 666 415 709 Herodoti
451 666 573 717 1354.
638 666 713 708 sed
746 667 880 709 etiam
913 665 994 708 hoc
1027 666 1123 708 loco
1154 666 1399 723 Xenophon
1432 666 1486 708 ad
1522 666 1635 721 Cyri

110 736 285 780 laudem
326 736 573 791 aagendam
616 739 783 778 fontem
823 736 1028 778 correxit.
1094 736 1234 792 primo
1276 739 1397 778 tam-t
1431 735 1636 778 Sardium

110 806 284 849 moenia
314 806 492 849 frustra
524 812 783 862 oppugnata
815 820 908 846 esse
931 820 955 846 a
979 805 1113 859 Cyro.
1167 805 1324 847 deinde
1358 804 1474 861 apud
1501 805 1637 848 Hero-

110 875 262 919 dotum
307 875 481 932 quidem
525 875 686 931 uliquis
732 874 913 917 Mardus
959 890 1113 916 servus
1146 890 1315 916 murum
1359 890 1439 916 sua
1480 878 1637 931 sponte

112 945 354 988 ascendens
378 945 530 991 efficit.
563 947 614 986 ut
637 944 802 987 Sardes
825 947 1153 1000 expugnentur,
1188 944 1263 986 sed
1287 944 1637 1000 Xenophonte-us

115 1015 264 1071 Cyrus
306 1015 398 1072 ipse
439 1018 618 1071 praeest
650 1014 797 1057 Persis
831 1018 878 1058 et
911 1014 1148 1057 Chaldaeis
1182 1029 1312 1056 servo
1345 1014 1453 1056 duce
1487 1028 1636 1056 ascen-

113 1084 322 1127 dentibus
356 1100 502 1127 muros
536 1084 630 1127 loco
665 1084 1056 1140 praeruptissimo:
1091 1084 1241 1140 itaque
1269 1083 1525 1126 Herodotea
1559 1083 1637 1125 illa

109 1155 166 1196 de
198 1154 353 1197 Μαι-(10
387 1154 540 1196 fabula
573 1155 737 1197 omissa
769 1160 849 1196 est.

226 1224 270 1279 2)
317 1228 339 1277 ς’
363 1225 526 1265 5-14:
562 1226 604 1278 a)
634 1225 826 1266 Croesus
854 1224 896 1265 in
918 1225 1087 1279 regiam
1110 1224 1285 1265 domum
1309 1238 1354 1265 se
1378 1223 1636 1265 inc-luserat.

112 1292 261 1349 Cyrus
295 1297 443 1336 autem
475 1293 734 1336 custodibus
769 1293 921 1336 Croesi
955 1293 1147 1337 relictis,
1192 1308 1287 1335 eum
1328 1293 1492 1335 milites
1535 1308 1636 1335 suos

112 1368 386 1407 recenseret.
420 1363 536 1406 vidit
568 1363 730 1405 Persas
766 1363 940 1420 quidem
973 1363 1129 1405 ordine
1163 1363 1322 1405 officiis
1369 1363 1456 1415 uti,
1504 1362 1637 1406 Chal-

111 1431 246 1475 daeos
277 1437 424 1475 autem
458 1441 619 1475 contra
651 1433 812 1475 iussum
838 1448 963 1474 suum
988 1433 1138 1474 urbem
1160 1432 1368 1488 diripere.
1421 1447 1516 1474 cum
1540 1446 1638 1489 per-

114 1503 416 1545 turbationem
450 1506 496 1545 et
530 1502 852 1545 immodestiam
886 1503 1073 1545 maxime
1107 1517 1265 1544 nocere
1288 1501 1504 1544 exercitui
1537 1516 1637 1558 per-

115 1586 293 1615 suasum
315 1571 517 1624 haberet,
550 1573 796 1629 imperator
826 1572 1019 1629 prudens
1042 1573 1198 1615 statim
1221 1572 1369 1614 emisit
1391 1571 1638 1614 Chaldaeos

115 1656 169 1684 ex
200 1641 413 1685 exercitu.
475 1642 550 1699 qui
595 1657 693 1684 eum
726 1642 1101 1698 imploraverunt,
1146 1645 1198 1684 ut
1238 1642 1511 1696 ignoscerem
1558 1656 1637 1683 sua

114 1714 273 1767 sponte
305 1725 351 1754 se
383 1711 638 1754 tradituros
671 1727 767 1754 esse
801 1726 905 1767 opes
938 1711 1151 1767 direptas.
1205 1711 1280 1754 sed
1309 1725 1468 1766 magno
1492 1711 1638 1752 animo

113 1780 196 1824 hoc
226 1780 372 1836 Cyrus
406 1781 686 1838 repudiavit;
731 1781 860 1823 immo
904 1780 1140 1824 traderent
1181 1780 1389 1837 praedam
1422 1780 1638 1823 militibus

112 1850 466 1895 oboedientibus.
500 1854 550 1892 ut
581 1851 776 1893 fructum
810 1850 912 1892 fidei
945 1854 1168 1906 caperent.
1231 1849 1348 1906 quod
1381 1850 1482 1892 ilico
1515 1864 1639 1892 exse-

110 1919 205 1963 cuti
237 1922 343 1962 sunt
374 1919 602 1963 Chaldaei.

231 1989 275 2043 b)
326 1989 490 2045 Cyrus.
528 2005 625 2032 eum
658 1990 882 2032 vetuisset
913 1989 1077 2032 milites
1111 1991 1264 2032 urbem
1296 1989 1500 2032 Sardium
1533 1988 1638 2031 diri-

115 2072 234 2116 pere,
278 2058 358 2102 hoc
401 2073 683 2115 compensare
716 2059 862 2101 voluit
893 2058 1042 2115 aliquo
1076 2058 1217 2101 modo.
1278 2072 1367 2115 qua
1407 2058 1461 2100 de
1506 2072 1640 2100 causa

112 2128 340 2171 consuluit
370 2128 582 2172 Croesum
623 2129 773 2171 dicens
815 2128 982 2171 milites
1015 2143 1131 2173 suos.
1167 2129 1240 2184 qui
1272 2128 1426 2170 multis
1457 2127 1639 2184 proeliis

114 2196 356 2241 commissis
387 2199 540 2241 urbem
572 2201 753 2254 praeter
783 2198 1063 2254 Babylonem
1086 2198 1223 2240 Asiae
1257 2197 1640 2254 opulentissimam

113 2267 507 2324 expugnavissent,
549 2268 789 2324 praemium
823 2268 1025 2311 laborum
1059 2268 1180 2310 ferre
1210 2282 1390 2310 necesse
1423 2282 1543 2318 esse,
1588 2271 1641 2309 ut

113 2335 251 2379 etiam
282 2337 470 2393 posthae.
501 2337 787 2380 oboedientes
810 2340 1057 2380 manerent.
1111 2337 1188 2379 sed
1220 2352 1266 2380 se
1297 2337 1343 2379 in
1375 2337 1520 2379 animo
1551 2351 1639 2378 non

115 2404 281 2449 habere
311 2409 588 2463 permittere,
623 2410 673 2449 ut
703 2409 859 2450 urbem
891 2407 1157 2464 diriperent.
1219 2420 1318 2449 nam
1349 2406 1526 2462 sapiens
1560 2421 1638 2448 rex

114 2476 308 2532 putabat
336 2490 424 2518 non
454 2476 582 2519 modo
613 2478 769 2519 urbem
800 2478 1048 2533 perituram
1079 2491 1197 2529 esse,
1240 2476 1318 2518 sed
1359 2476 1496 2518 etiam
1535 2474 1640 2517 diri-

117 2543 332 2600 pientium
375 2545 613 2602 pessimum
655 2560 869 2603 quemque
911 2545 1042 2602 plura
1081 2545 1351 2602 adepturum
1391 2559 1499 2586 esse.
1571 2545 1640 2586 cui

116 2613 368 2657 sententiae
412 2628 616 2658 assensus
663 2617 735 2658 est
780 2615 995 2658 Croesus:
1043 2629 1091 2658 se
1138 2614 1283 2670 Lydis
1331 2613 1478 2656 dicere
1527 2613 1639 2655 velle

116 2681 290 2737 Cyrum
320 2683 526 2739 precibus
559 2684 650 2726 suis
682 2687 946 2727 commotum
979 2683 1210 2726 destitisse
1242 2684 1394 2725 urbem
1425 2682 1638 2739 diripere,

117 2750 195 2794 sed
225 2766 273 2794 se
303 2752 559 2808 promisisse
590 2752 744 2808 Lydos
786 2753 1020 2796 oblaturos
1063 2767 1158 2795 esse
1198 2751 1390 2807 optimas
1422 2766 1525 2807 opes
1559 2764 1640 2794 sua

113 2822 289 2877 sponte.
352 2821 419 2863 ita
460 2820 561 2864 urbi
601 2823 900 2878 temperatum
932 2824 979 2864 et
1009 2823 1144 2873 artes,
1178 2820 1443 2864 divitiarum
1474 2820 1636 2871 fontes,

1336 2890 1362 2931 3
