2009 3201
332 276 470 331 heilig
502 274 590 316 und
622 272 758 324 wahr,
802 271 907 313 oder
938 270 1033 314 will
1066 286 1110 312 es
1143 270 1253 312 doch
1285 271 1390 312 sein.
1451 271 1557 313 Ihre
1590 270 1752 313 G'ottin
1783 272 1845 314 ist

334 345 404 387 die
442 341 714 385 himmlischc
745 341 888 392 Muse,
931 339 1000 382 die
1033 339 1228 382 Tochter
1269 340 1344 382 des
1378 340 1490 382 Zeus
1524 374 1531 382 .
1558 374 1597 382 ..
1631 340 1845 396 Dagegen

334 414 402 455 die
434 413 558 453 Muse
591 411 668 452 der
701 409 912 452 Novelle:
957 413 1077 450 ἴσκεν
1118 410 1282 460 ψεύδεα
1313 412 1445 451 πόλλα
1477 410 1617 463 λέγειν
1649 409 1844 462 ἐτύμοισι

335 482 471 534 ὅμοια.
533 479 706 521 Irdisch
738 478 822 521 wie
854 478 916 520 sie
949 478 1021 530 ist,
1066 477 1232 519 richtet
1265 477 1326 520 sie
1357 478 1485 520 ibren
1518 478 1625 521 Sinn
1657 480 1737 521 auf
1765 479 1843 521 das

333 548 629 592 Menschliche
663 548 750 589 und
781 547 862 590 auf
891 547 960 588 die
993 546 1279 601 Gegenwart‚
1313 548 1420 589 aber
1453 547 1510 589 da
1542 548 1603 589 sie
1637 548 1706 589 die
1730 547 1844 602 Sage

334 619 493 671 ablost,
527 617 646 659 zieht
679 616 740 658 sie
772 615 986 657 zunachst
1017 615 1087 657 die
1121 614 1287 657 Gotter
1321 616 1426 657 oder
1457 616 1568 658 doch
1600 616 1669 658 die
1701 617 1846 658 lieben

333 687 593 730 Vorfahren
632 686 677 726 in
717 685 812 726 ihre
843 684 1006 726 Kreise
1040 718 1047 725 .
1074 718 1080 725 .
1107 717 1113 725 .
1156 685 1259 726 Man
1299 685 1474 727 erzahlt
1504 701 1591 727 von
1622 686 1725 727 Bias
1758 685 1847 727 und

335 756 510 808 Thales,
554 755 726 796 Krbsus
769 753 858 795 und
898 753 1168 805 Periander,
1212 753 1348 795 Solon
1385 754 1475 795 und
1518 754 1845 797 Themistokles

334 825 491 867 sch’one
514 823 831 867 Geschichten:
866 824 971 865 aber
996 823 1271 879 keineswegs
1295 839 1365 864 um
1388 823 1508 866 ihrer
1529 823 1672 865 Taten
1694 823 1847 867 Willen

334 894 422 936 und
445 893 520 935 des
544 892 769 948 Erfolges‚
795 892 879 935 den
901 893 964 934 sie
986 892 1060 934 fiir
1081 893 1158 934 das
1175 892 1427 935 Vaterland
1447 892 1619 944 hatten,
1654 893 1846 935 sondern

332 978 406 1005 um
435 962 558 1004 ihrer
588 961 943 1017 merkwiirdigen
976 961 1230 1004 Schicksale
1270 962 1359 1003 und
1390 962 1514 1003 ihrer
1545 962 1848 1016 personlichen

335 1031 628 1087 Tiichtigkeit
659 1031 811 1074 willen
844 1065 851 1072 .
879 1065 918 1072 ..
954 1030 1284 1073 Geschichtlich
1325 1031 1480 1073 lernen
1524 1031 1609 1074 wir
1640 1046 1727 1074 von
1768 1031 1847 1073 der

333 1101 523 1145 Novelle
557 1101 708 1143 direkt
740 1100 871 1142 kaum
904 1105 1066 1153 etwas,
1115 1100 1228 1142 denn
1270 1100 1340 1141 ihr
1382 1101 1442 1142 ist
1472 1101 1544 1142 nie
1576 1116 1630 1142 zu
1662 1103 1844 1154 trauen;

335 1173 441 1214 aber
473 1186 602 1214 wenn
633 1170 717 1213 Wir
747 1169 844 1212 ihre
878 1169 1052 1224 Trager
1083 1169 1268 1221 kennen‚
1303 1185 1350 1212 so
1375 1169 1484 1212 wird
1517 1169 1595 1212 der
1616 1170 1770 1212 Refiex
1801 1169 1846 1211 in

333 1241 411 1283 der
441 1240 632 1283 Novelle
664 1239 775 1281 auch
806 1239 876 1280 ihr
905 1238 1272 1294 geschichtliches
1304 1239 1409 1281 Bild
1441 1239 1678 1281 erhellen“.

449 1308 719 1364 Praecipuus
752 1310 908 1350 auctor
938 1308 1066 1350 huius
1100 1308 1266 1350 aetatis
1304 1311 1374 1350 est
1394 1308 1664 1350 Herodotus.
1714 1308 1848 1349 omni-

334 1380 414 1421 bus
457 1379 503 1420 in
546 1379 638 1420 eius
685 1378 830 1434 operis
873 1377 1079 1432 partibus
1125 1380 1363 1419 occurrunt
1402 1377 1434 1419 ii
1474 1377 1580 1429 loci,
1628 1392 1650 1419 e
1692 1377 1848 1433 quibus

336 1449 500 1501 elucet,
546 1450 821 1504 quantopere
865 1446 941 1489 ille
986 1447 1160 1489 deditus
1201 1447 1343 1489 fuerit
1384 1447 1701 1489 rationalismo.
1762 1462 1851 1488 non

335 1517 475 1559 minus
519 1519 667 1559 autem
710 1516 956 1559 invenimus
1001 1516 1118 1572 apud
1160 1531 1257 1557 eum
1297 1516 1399 1558 illas
1432 1516 1622 1558 fabellas
1654 1515 1847 1572 undique

335 1586 533 1628 historiis
577 1586 791 1637 insertas,
840 1601 951 1641 quae
998 1585 1277 1641 potissimum
1321 1585 1446 1640 operi
1487 1600 1610 1626 suam
1652 1585 1848 1640 gratiam

336 1655 567 1698 dederunt.
628 1655 883 1698 Herodotus
917 1657 987 1697 est
1019 1655 1174 1697 similis
1207 1655 1297 1697 illis
1328 1655 1440 1697 viris
1473 1654 1729 1707 audacibus,
1772 1654 1847 1711 qui

336 1724 438 1766 olim
460 1724 505 1765 in
527 1729 672 1766 terras
697 1724 864 1766 alienas
888 1725 1133 1780 migrantes
1166 1725 1226 1766 ibi
1257 1739 1395 1766 novas
1429 1739 1500 1766 res
1525 1725 1851 1779 cognoscebant

337 1796 381 1835 et
413 1808 550 1836 novas
584 1794 792 1836 scientias
817 1793 899 1835 sibi
922 1795 1251 1848 comparabant.
1304 1793 1478 1835 domum
1502 1792 1673 1835 reversi
1693 1806 1848 1834 narra-

335 1864 455 1915 bant,
490 1877 600 1918 quae
633 1863 843 1905 viderant
875 1866 920 1905 et
951 1863 1233 1905 audiverant.
1296 1862 1441 1904 aliena
1473 1876 1570 1904 cum
1596 1861 1848 1904 domesticis

336 1932 691 1987 comparantibus
736 1932 974 1974 videbatur
1017 1947 1104 1974 non
1145 1931 1255 1973 nihil
1298 1946 1391 1973 esse
1432 1931 1701 1973 incredibile.
1764 1944 1851 1986 qua

336 2000 388 2042 de
422 2015 555 2042 causa
585 2000 798 2056 perfacile
832 2001 1187 2053 adducebantur,
1232 2004 1284 2043 ut
1323 2001 1490 2042 maiore
1523 2000 1710 2042 scientia
1740 1999 1850 2041 freti

336 2070 530 2126 antiquis
556 2070 720 2112 fabulis
742 2070 955 2113 refutatis
977 2073 1176 2112 recentes
1206 2070 1486 2112 narrationes
1510 2070 1846 2111 substituerent.

336 2139 450 2181 idem
493 2139 613 2181 cadit
655 2139 700 2180 in
740 2139 1037 2182 Herodotum:
1086 2154 1216 2194 saepe
1257 2138 1564 2181 rationalismo
1608 2142 1849 2180 commotus

337 2209 418 2259 est,
448 2210 499 2249 ut
521 2207 779 2250 confutaret
812 2210 946 2263 atque
968 2208 1182 2250 irrideret
1204 2208 1507 2250 narrationem
1529 2208 1685 2250 miram
1708 2208 1850 2250 adhuc

336 2277 390 2317 ab
436 2276 634 2318 omnibus
679 2277 896 2318 creditam
939 2279 984 2319 et
1025 2277 1071 2318 in
1115 2277 1206 2318 eius
1248 2277 1390 2319 locum
1433 2276 1675 2319 collocaret
1717 2277 1850 2319 aliam

335 2344 554 2397 fabulam,
603 2359 732 2400 quam
779 2345 969 2387 debebat
1011 2345 1257 2387 fabulatori
1298 2345 1441 2387 alicui.
1517 2360 1646 2401 quam
1689 2361 1849 2389 novam

334 2412 568 2466 fabellam,
610 2414 636 2454 i.
672 2429 705 2455 e.
738 2414 981 2465 novellam,
1019 2429 1232 2470 persaepe
1265 2415 1490 2457 continere
1521 2415 1850 2457 incredibiliora

335 2497 421 2524 non
453 2482 692 2524 intellexit.

452 2551 701 2593 Redeamus
744 2551 800 2594 ad
833 2552 985 2594 Croesi
1025 2553 1151 2594 exitii
1192 2553 1495 2595 narrationem
1535 2552 1847 2595 Herodoteam.

336 2620 476 2676 primo
521 2621 722 2675 quaestio
764 2621 932 2663 oritur:
977 2622 1282 2664 narrationem
1313 2622 1658 2677 Bacchylideam
1689 2636 1848 2677 cogno-

337 2689 461 2732 vitne
483 2690 771 2732 Herodotus?
818 2705 1081 2746 quamquam
1113 2691 1407 2746 Bacchylides
1429 2691 1552 2734 nullo
1584 2692 1680 2734 loco
1711 2691 1847 2734 nomi-

336 2762 470 2800 natur
516 2760 633 2814 apud
675 2760 976 2811 Herodotum,
1022 2764 1171 2802 tamen
1214 2760 1456 2803 verisimile
1501 2764 1569 2803 est
1614 2761 1654 2802 ei
1693 2762 1848 2802 notum

335 2828 473 2869 fuisse
491 2831 678 2883 poetam,
702 2831 754 2871 ut
776 2829 820 2870 in
836 2829 1067 2872 Herodoto
1092 2831 1189 2872 erat
1210 2829 1378 2885 optima
1395 2832 1626 2885 poetarum
1649 2829 1846 2872 scientia.
