2009 3201
739 386 821 431 IX.
873 386 951 430 De
981 386 1168 431 Iustini
1199 385 1511 430 narratione.

484 480 648 523 Iustini
669 480 715 522 in
738 494 880 536 opere,
905 478 1021 535 quod
1043 494 1096 520 ex
1118 479 1258 534 primo
1284 494 1414 534 opere
1430 479 1630 520 Romano
1652 478 1882 521 universas

371 550 486 592 orbis
509 552 731 592 terrarum
750 564 820 590 res
841 550 1082 600 tractante,
1106 547 1223 603 quod
1245 548 1422 603 scripsit
1439 547 1673 603 Pompeius
1695 547 1880 603 Trogus,

371 621 625 675 excerptum
656 620 736 670 est,
767 617 980 658 nonnulla
1012 616 1065 658 de
1097 616 1249 658 Croesi
1280 617 1417 658 exitio
1451 616 1570 658 dicta
1603 619 1718 658 sunt.
1771 631 1884 673 quae

370 702 631 744 quamquam
663 702 741 742 per
763 701 809 728 se
830 685 941 727 nihil
964 685 1130 738 valent,
1163 688 1314 727 tamen
1335 701 1422 727 non
1443 688 1732 741 praeteream,
1766 685 1884 742 quod

367 758 480 800 hanc
523 757 827 799 narrationem
868 757 1113 812 sequuntur
1156 757 1303 808 verba,
1346 756 1515 811 quibus,
1561 756 1646 798 etsi
1687 771 1712 798 a
1753 757 1881 798 rebus

368 826 484 870 veris
506 841 684 882 prorsus
718 825 998 877 abhorreant,
1033 827 1189 867 auctor
1219 824 1522 867 demonstrare
1543 825 1655 878 vult,
1689 828 1882 881 quantus

368 910 489 937 amor
521 894 680 937 Croeso
713 894 831 950 apud
863 909 1008 936 omnes
1040 895 1169 936 urbes
1202 894 1396 937 Graecas
1428 894 1579 936 fuerit.

481 965 593 1006 Iust.
628 965 661 1017 I,
681 965 729 1005 7:
778 964 873 1017 „Ibi
911 964 1094 1005 fortuna
1134 963 1294 1019 prioris
1326 962 1485 1019 proelii
1516 962 1765 1018 perculsum
1794 963 1884 1005 iam

369 1035 519 1077 Croesi
542 1034 783 1076 exercitum
803 1032 925 1074 nullo
948 1033 1128 1087 negotio
1151 1032 1314 1074 fundit.
1369 1032 1554 1074 Croesus
1578 1032 1672 1087 ipse
1694 1032 1881 1088 capitur.

368 1103 443 1146 sed
474 1106 639 1159 quanto
672 1103 835 1144 bellum
857 1102 1036 1143 minoris
1058 1101 1257 1157 periculi,
1290 1103 1420 1143 tanto
1448 1104 1494 1143 et
1515 1102 1670 1143 mitior
1691 1101 1883 1145 victoria

366 1173 467 1215 fuit.
522 1172 681 1214 Croeso
715 1174 760 1213 et
791 1171 888 1214 vita
920 1173 966 1213 et
996 1170 1256 1226 patrimonii
1278 1173 1430 1226 partes
1463 1173 1509 1212 et
1532 1172 1633 1213 urbs
1655 1171 1830 1213 Barene
1850 1170 1880 1226 1)

366 1256 568 1284 concessa
612 1243 727 1293 sunt,
770 1240 816 1282 in
859 1254 946 1297 qua
987 1240 1073 1282 etsi
1113 1255 1200 1281 non
1240 1240 1410 1295 regiam
1439 1240 1592 1292 vitam,
1636 1240 1882 1296 proximam

364 1313 514 1353 tamen
543 1310 771 1352 maiestati
800 1310 951 1365 regiae
978 1309 1174 1365 degeret.
1227 1309 1335 1351 haec
1364 1309 1599 1351 clementia
1629 1324 1717 1351 non
1738 1309 1881 1351 minus

364 1380 527 1424 victori
558 1394 687 1436 quam
710 1380 828 1422 victo
863 1379 987 1421 utilis
1018 1379 1128 1421 fuit:
1162 1379 1325 1435 quippe
1357 1394 1411 1421 ex
1441 1379 1649 1421 universa
1677 1378 1879 1431 Graecia,

365 1450 542 1505 cognito
575 1448 693 1505 quod
723 1449 902 1491 illatum
933 1448 1093 1491 Croeso
1126 1448 1291 1490 bellum
1324 1450 1452 1500 esset,
1486 1448 1655 1490 auxilia
1676 1447 1804 1491 velut
1825 1447 1882 1490 ad

364 1534 589 1562 commune
641 1518 1010 1574 exstinguendum
1063 1517 1312 1560 incendium
1367 1517 1669 1559 confluebant:
1725 1519 1882 1559 tantus

367 1589 517 1631 Croesi
560 1603 683 1631 amor
724 1587 842 1644 apud
885 1603 1031 1630 omnes
1074 1589 1204 1629 urbes
1238 1589 1359 1629 erat:
1405 1601 1700 1643 passurusque
1733 1586 1881 1642 Cyrus

365 1672 502 1713 grave
542 1658 706 1700 bellum
747 1657 961 1700 Graeciae
1002 1657 1104 1710 fuit,
1151 1656 1189 1699 si
1232 1655 1338 1712 quid
1379 1656 1426 1698 in
1459 1656 1618 1699 Croeso
1661 1655 1882 1698 crudelius

365 1727 698 1769 consuluisset&

480 1798 548 1839 De
593 1796 722 1838 huius
768 1795 1039 1838 narrationis
1082 1795 1281 1837 fontibus
1330 1809 1541 1851 quaerere
1583 1794 1745 1837 inutile
1789 1809 1883 1837 esse

365 1868 487 1922 puto,
522 1881 617 1908 cum
649 1866 835 1921 exiguae
865 1865 1081 1921 reliquiae
1113 1865 1250 1920 Trogi
1287 1864 1334 1906 in
1364 1863 1446 1906 hoc
1475 1864 1641 1906 Iustini
1673 1866 1881 1920 excerpto

367 1938 572 1978 servatae
604 1937 773 1977 certum
802 1934 942 1977 fontis
974 1934 1214 1990 vestigium
1246 1949 1334 1976 non
1365 1936 1621 1991 praebeant.

714 2234 771 2278 X.
823 2234 901 2278 De
932 2234 1183 2290 Polyaeni
1212 2234 1530 2278 narratione.

482 2326 736 2381 Polyaenus
777 2327 825 2368 in
868 2342 999 2384 opere
1040 2342 1117 2369 suo
1157 2329 1249 2369 tres
1292 2327 1634 2383 expugnationis
1676 2326 1882 2370 Sardium

367 2395 516 2438 modos
547 2395 666 2438 inter
698 2411 742 2438 se
774 2396 1030 2439 differentes
1061 2396 1186 2438 nobis
1219 2395 1467 2452 descripsit.

871 2522 906 2564 Ι.
959 2522 1377 2579 Argumentum.

483 2604 524 2657 1.)
574 2603 679 2656 VH,
703 2604 741 2656 6,
760 2603 785 2644 2
824 2604 1050 2660 pertinere
1090 2604 1147 2646 ad
1187 2605 1561 2661 expugnationem
1591 2605 1712 2647 urbis
1745 2604 1881 2647 solius

366 2674 546 2729 praeter
587 2687 731 2714 arcem
773 2674 960 2728 apparet
993 2688 1046 2715 ex
1075 2673 1206 2716 initio
1240 2675 1324 2728 §3
1388 2673 1534 2730 Cyrus
1565 2674 1752 2717 indutiis
1784 2689 1882 2716 cum

368 2743 528 2785 Croeso
550 2741 684 2784 factis
707 2742 853 2798 copias
876 2741 1062 2785 abduxit
1084 2757 1110 2785 a
1131 2742 1356 2785 Sardibus.
1407 2746 1541 2786 noctu
1563 2746 1713 2786 autem
1733 2742 1880 2785 subito

488 2864 521 2905 l)
548 2861 625 2896 Hoc
650 2861 728 2896 loco
755 2861 914 2896 Iustinus
942 2862 1121 2897 consentit
1147 2873 1226 2897 cum
1253 2862 1384 2898 Ctesia.
