1915 3190
726 147 1014 188 ..27-

224 265 269 320 2)
319 263 556 322 Delphis
601 261 797 305 fabulam
856 262 1008 304 ('ro‹=si
1064 277 1108 304 se
1156 262 1296 318 ipsum
1344 260 1636 304 sacrificantis

108 339 260 379 notam
308 334 447 377 fuisso
500 346 636 388 supra
683 332 882 374 vidimus.
956 331 1032 374 sed
1082 331 1323 388 prudentes
1381 330 1634 373 sacerdote.-

107 404 313 463 Delphici
359 418 446 446 non
490 402 785 459 repudiabant
828 417 1022 444 rumores
1064 405 1192 443 trans
1235 417 1352 443 marn·
1391 403 1634 443 currentes.

107 475 252 533 primo
292 474 411 516 inter
453 488 601 515 omnes
634 474 873 515 constabat
905 473 1113 514 Croesum
1149 471 1312 513 vixisse
1357 472 1490 513 otiam
1538 475 1635 526 post

109 543 237 601 regni
270 543 527 588 interitum.
573 558 684 599 qua(¹
730 557 797 584 res
839 541 973 584 diluit
1005 541 1126 583 illam
1160 541 1357 583 fabulam
1391 541 1546 582 (¹1·‹=e.-·i
1579 540 1634 582 ad

108 614 434 671 Hyperboreos
468 613 602 669 rapti.
666 616 905 670 praeterea
945 611 1114 654 fabella
1148 611 1316 666 Lydia,
1366 627 1451 667 qua
1486 611 1633 666 Cyrus

107 683 371 742 imposuisse
416 683 461 726 in
504 698 658 738 rogum
703 684 913 725 Croesum
956 683 1254 732 narrabatur,
1306 681 1492 724 Graecis
1535 696 1634 722 mox

107 753 396 811 probabatur.
443 753 706 809 praesertim
740 767 834 794 vum
869 751 997 794 bellis
1033 752 1267 793 Persarum
1301 751 1440 805 gestis
1474 751 1633 794 Graeci

108 823 162 867 de
202 823 351 866 Persis
392 823 540 879 inique
582 822 843 865 iudicarent.
907 821 1118 864 memoria
1161 821 1300 875 igitur
1332 819 1548 876 Delphica
1580 835 1634 862 ne

108 896 386 950 repugnaret
430 892 766 935 narrationibus
811 891 927 947 apud
963 890 1114 946 Lydos
1158 894 1203 932 et
1246 890 1374 932 Iones
1422 890 1633 943 vulgatis,

107 963 267 1020 quibus
301 962 462 1006 Graeci
495 961 827 1013 rationalismo‚
870 961 944 1017 qui
977 960 1157 1014 (licitur,
1201 959 1341 1002 dediti
1375 960 1469 1001 sine
1502 959 1634 1001 (lubio

106 1032 320 1076 maiorem
368 1031 497 1075 fidem
538 1031 799 1075 tribuerunt
846 1046 974 1088 quam
1028 1029 1281 1074 incredibili
1341 1029 1408 1071 illi
1455 1029 1634 1072 fabulae

108 1101 338 1159 Apollinis
381 1102 596 1144 Croesum
639 1101 696 1144 ad
740 1101 1062 1158 Hyperboreos
1104 1100 1364 1143 deducentis
1410 1100 1483 1142 (εἴ.
1527 1099 1632 1141 Her.

108 1170 228 1214 locos
246 1186 286 1228 p.
300 1172 356 1214 25
371 1171 469 1213 adn.
488 1172 506 1213 1
528 1171 724 1224 allatos),
743 1170 1075 1213 accommodata
1092 1172 1163 1213 est
1180 1169 1358 1212 fabellis
1376 1168 1553 1225 Lydia-3
1579 1170 1633 1210 ab

106 1240 320 1298 Apolline
335 1243 566 1284 servatum
583 1255 678 1284 esse
692 1242 904 1283 Croesum
920 1242 1264 1282 consentaneum
1280 1243 1360 1281 est.
1380 1265 1414 1270 —
1431 1238 1634 1282 videmur

109 1310 253 1367 igitur
278 1324 535 1367 agnoscere,
554 1310 772 1366 quomodo
790 1309 1006 1366 Delphica
1022 1309 1075 1351 de
1094 1308 1249 1351 Croesi
1272 1309 1409 1351 exitio
1427 1308 1632 1351 narratio

108 1379 329 1437 paulatim
352 1383 626 1423 commutata
658 1380 719 1423 sit
749 1379 805 1422 ad
827 1379 897 1422 dei
923 1379 1125 1435 Delphici
1148 1379 1340 1435 gloriam
1363 1378 1632 1434 augendam:

104 1450 246 1509 primo
278 1450 456 1507 Iupiter
497 1450 627 1493 imbri
667 1449 884 1493 liberavit
916 1450 1129 1493 Croesum
1170 1463 1196 1492 a
1237 1464 1346 1505 rogo
1390 1451 1436 1492 et
1467 1448 1633 1505 Apollo

106 1520 319 1564 Croesum
341 1535 466 1564 suum
488 1519 740 1563 transtulit.
781 1519 939 1562 deinde
962 1519 1174 1562 memoria
1197 1521 1447 1562 retractata
1470 1518 1633 1574 Cyrus,

103 1589 379 1634 Graecorum
420 1589 578 1642 hostis,
620 1589 833 1633 Croesum
866 1589 1122 1632 interficere
1154 1589 1312 1636 voluit.
1358 1589 1435 1632 sed
1466 1589 1632 1646 Apollo

104 1675 204 1703 eum
236 1659 403 1717 eripuit
434 1675 457 1703 e
488 1660 688 1703 flammis.
723 1685 772 1691 —-
808 1659 986 1716 Iupiter
1018 1659 1162 1715 igitur
1194 1661 1423 1703 submotus
1456 1662 1539 1711 est,
1589 1659 1632 1702 in

102 1729 198 1773 eius
229 1728 374 1773 locum
406 1729 514 1773 deus
535 1729 778 1786 Delphicus
806 1729 900 1786 ipse
923 1729 1150 1772 successit.
1202 1728 1316 1772 hanc
1338 1730 1632 1772 mutationem

102 1815 193 1844 non
224 1799 353 1843 modo
386 1801 649 1857 probabant,
683 1800 758 1843 sed
792 1800 928 1843 etiam
960 1799 1195 1856 postulare
1227 1799 1500 1843 videbantur
1531 1815 1631 1856 pre—

101 1870 223 1914 tiosa
252 1870 334 1913 illa
364 1869 552 1913 donaria
583 1884 610 1913 a
642 1870 806 1913 Croeso
839 1869 1043 1926 Apollini
1075 1869 1237 1912 dicata.

218 1952 284 1995 Ut
328 1967 476 1995 omnes
522 1951 826 1995 dubitationes
868 1951 1169 2003 tollerentur,
1215 1951 1322 1994 ficta
1364 1954 1435 1994 est
1478 1952 1631 1994 fabula

103 2021 392 2074 vinculorum,
416 2035 504 2079 qua
521 2022 843 2065 refutabantur
867 2020 1076 2078 querelae
1094 2020 1350 2077 Apollinem
1369 2026 1630 2064 accusantes

102 2093 150 2135 et
194 2091 361 2149 optime
404 2091 707 2135 demonstrari
749 2091 921 2148 potuit,
969 2091 1150 2147 quantis
1196 2090 1419 2133 beneficiis
1463 2090 1629 2148 Apollo

101 2160 332 2204 affecisset
363 2160 588 2204 Croesum.
652 2160 804 2204 eadem
847 2160 1002 2203 fabula
1042 2160 1179 2203 etiam
1220 2160 1328 2203 data
1358 2163 1427 2203 est
1459 2161 1629 2204 occasio

103 2245 159 2273 ex
187 2235 352 2274 eventu
395 2230 684 2288 componendi
714 2230 931 2275 nonnulla
961 2230 1201 2284 vaticinia,
1247 2231 1406 2288 quibus
1452 2230 1629 2273 demon-

103 2303 333 2344 straretur
362 2300 620 2357 Apollinem
651 2300 698 2343 in
728 2303 931 2358 tempore
954 2301 1174 2344 monuisse
1198 2300 1422 2344 Croesum.
1474 2301 1541 2344 ita
1563 2301 1626 2344 fit.

103 2371 158 2413 ut
187 2384 265 2413 rex
297 2384 421 2414 suam
452 2369 627 2427 culpam
658 2373 910 2428 cognoscat,
945 2370 1018 2413 dei
1048 2371 1360 2415 innocentiam.

217 2453 436 2498 Fabulam
456 2454 717 2512 primariam
737 2454 894 2499 Croesi
916 2470 961 2498 se
983 2456 1128 2512 ipsum
1149 2455 1448 2499 comburentis
1483 2469 1627 2497 sacer-

101 2521 231 2566 dotes
262 2522 469 2581 Delphici
498 2539 588 2567 non
619 2539 697 2567 sua
720 2527 878 2581 sponte
900 2527 1194 2568 mutaverunt
1215 2525 1261 2567 in
1282 2524 1394 2567 hanc
1418 2523 1626 2566 fabulam.

100 2606 203 2635 nam
246 2606 381 2636 causa
424 2593 671 2651 probabilis
714 2594 910 2651 cogitari
946 2610 1036 2638 non
1076 2597 1250 2651 potest.
1293 2608 1380 2650 qua
1420 2593 1627 2636 commoti

100 2741 298 2777 licherlich
325 2740 582 2777 erscheinende
600 2741 757 2787 Bilduug
782 2743 939 2777 erkannt
965 2742 1108 2778 werden
1137 2741 1259 2779 darf“.
1299 2742 1430 2786 (Ernst
1449 2742 1626 2785 Kuhnert‚

100 2800 138 2836 in
164 2800 342 2836 Roscheri
367 2800 483 2836 lexico
509 2801 590 2844 11‚2
618 2811 699 2846 pag.
719 2803 840 2846 2957.)
866 2822 912 2827 —
948 2802 1083 2837 Meiser
1117 2801 1319 2846 exemplum
1356 2801 1483 2836 similis
1513 2807 1609 2836 mut‘.

102 2858 213 2895 tionis
238 2859 344 2895 affert
370 2860 467 2896 Iouis
494 2858 667 2904 fabulam,
695 2871 802 2904 quam
831 2861 994 2896 narravit
1021 2860 1228 2896 Herodotus
1257 2860 1303 2904 (1,
1333 2862 1379 2905 1).
