2009 3201
938 173 1222 213 *36-

451 290 571 342 Quae
604 288 746 330 omnia
778 286 1195 342 comprehendentes
1227 289 1476 330 statuamus
1506 286 1844 342 Xenophontem

335 361 492 402 debere
524 357 754 399 Herodoto
798 358 843 397 ct
881 369 1058 397 causam
1099 357 1145 397 et
1175 355 1361 398 formam
1391 356 1521 398 huius
1553 356 1843 409 narrationis,

334 432 530 471 ceterum
562 428 708 468 autem
741 425 868 466 modo
901 440 994 466 cum
1029 424 1195 466 maiore
1227 425 1352 467 modo
1385 440 1481 467 cum
1513 425 1681 468 minore
1713 425 1847 468 liber-

335 500 430 538 tate
471 495 740 537 tractavisse
780 494 1084 536 commercium
1127 493 1247 536 inter
1277 494 1488 537 Croesum
1530 496 1576 537 et
1620 495 1846 537 oraculum

334 565 596 621 Delphicum
627 564 837 606 habitum.

448 634 516 675 De
547 634 801 675 narratione
842 632 939 687 ipsa
980 635 1025 673 et
1069 632 1244 674 ratione
1276 633 1330 674 ad
1363 633 1558 689 reliquas
1590 633 1846 689 pertinente

333 703 564 759 disputare
588 702 857 758 superfluum
880 702 958 753 est,
993 716 1102 752 cum,
1137 703 1188 742 ut
1210 701 1412 754 vidimus,
1445 701 1693 759 Xenophon
1714 702 1846 758 plane

333 773 524 828 pendeat
565 772 617 812 ab
658 770 911 822 Herodoto7
957 770 1077 811 cuius
1119 770 1426 813 narrationem
1466 786 1601 827 supra
1637 774 1846 814 accurate

334 841 690 883 examinavimus.

663 1115 741 1158 VI.
795 1115 872 1158 De
904 1114 1121 1159 Diodori
1151 1115 1450 1159 narratione
1474 1115 1514 1169 ¹).

448 1207 635 1250 Diodori
676 1208 876 1250 narratio
918 1208 1107 1251 multum
1147 1208 1271 1251 Valet
1313 1210 1575 1265 propterea,
1620 1210 1736 1266 quod
1779 1209 1848 1251 hic

334 1279 490 1318 auctor
532 1277 626 1332 ipse
669 1277 779 1318 nihil
821 1277 1015 1330 addidit,
1070 1278 1146 1320 sed
1199 1279 1308 1320 satis
1353 1278 1509 1320 habuit
1552 1279 1848 1336 archetypum

334 1345 519 1387 reddere
552 1346 755 1388 breviore
788 1348 834 1388 et
865 1347 1041 1402 aptiore
1073 1346 1214 1389 forma
1234 1347 1277 1401 2).

450 1414 490 1469 1)
537 1429 629 1470 cap.
669 1416 750 1467 2,3
790 1419 837 1458 et
866 1417 912 1457 4:
958 1416 1180 1458 Diodorus
1225 1418 1456 1473 postquam
1502 1417 1686 1460 rettulit
1738 1417 1849 1459 illud

335 1483 507 1526 Solonis
549 1487 594 1525 et
627 1483 779 1526 Croesi
820 1484 1086 1541 colloquium
1129 1487 1175 1527 et
1217 1487 1422 1528 narravit
1465 1486 1585 1529 illius
1629 1486 1682 1529 de
1726 1487 1847 1529 vitae

334 1552 611 1594 beatitudine
643 1552 821 1606 dictum,
862 1554 1099 1596 memoriae
1130 1554 1274 1596 tradit
1307 1554 1515 1597 Croesum
1547 1558 1718 1611 postea,
1752 1571 1847 1598 cum

334 1636 360 1662 a
384 1621 504 1676 Cyro
530 1625 684 1677 captus
707 1622 751 1663 in
774 1637 883 1677 rogo
906 1623 1078 1679 positus
1103 1623 1176 1676 sit,
1199 1624 1480 1666 recordatum
1504 1625 1657 1667 horum
1673 1625 1845 1667 Solonis

333 1691 567 1732 verborum
600 1705 756 1733 nomen
788 1692 1001 1747 sapientis
1026 1692 1303 1735 exclamasse.
1353 1693 1467 1749 quod
1490 1694 1671 1737 audiens
1697 1694 1845 1750 Cyrus

335 1758 517 1801 consilio
539 1762 712 1801 mutato
736 1775 891 1815 rogum
915 1761 1144 1816 exstingui
1165 1761 1308 1804 iussit.
1338 1788 1383 1792 —
1407 1762 1519 1805 hanc
1539 1763 1846 1806 narrationem

334 1828 414 1869 Ed.
435 1827 735 1870 Schwartzius
759 1829 802 1883 (l.
823 1829 851 1871 1.
875 1845 915 1885 p.
936 1830 1035 1885 678)
1059 1834 1180 1873 recte
1204 1832 1367 1874 tribuit
1390 1833 1655 1875 tractationi
1677 1836 1846 1889 septem

335 1897 599 1952 sapientium
631 1898 900 1951 rhetoricae,
946 1914 1056 1955 quae
1089 1901 1230 1943 subsit
1260 1901 1307 1943 in
1340 1915 1432 1957 cap.
1468 1902 1606 1944 1—15
1627 1902 1670 1958 3).
1733 1916 1845 1958 quae

457 2030 489 2063 1)
517 2026 562 2060 cf.
590 2028 692 2061 Diod.
722 2028 782 2072 lx,
810 2032 877 2071 2‚3
905 2033 940 2063 et
967 2032 1007 2073 43
1035 2030 1095 2074 lx,
1124 2033 1167 2065 33
1195 2035 1229 2065 et
1257 2034 1311 2065 34.

450 2087 487 2125 52)
514 2086 558 2119 cf.
586 2087 833 2129 Wachsmuth,
874 2089 969 2122 Einl.
1006 2089 1041 2122 in
1079 2089 1110 2124 d.
1139 2089 1237 2124 stud.
1266 2090 1299 2124 d.
1326 2091 1387 2124 alt.
1416 2091 1542 2125 Gesch.
1570 2093 1610 2125 Sl
1627 2102 1679 2135 sq.
1730 2093 1774 2125 A.
1801 2092 1844 2126 de

333 2144 439 2185 Mess,
468 2144 787 2189 [hitersuchnngen
814 2147 902 2180 uber
929 2147 985 2181 die
1005 2149 1259 2183 Arbeitsweise
1288 2148 1454 2192 modom,
1480 2150 1546 2184 Rh.
1574 2150 1622 2184 M.
1650 2153 1691 2185 61
1720 2152 1844 2191 (1906)

334 2212 412 2244 pag.
434 2204 501 2235 244
513 2214 563 2245 sq.
615 2204 829 2248 Wendland,
857 2205 913 2239 die
941 2207 1074 2250 griech.
1101 2208 1234 2250 Prosa3
1271 2207 1368 2251 apud
1395 2208 1710 2251 Gercke-Norden‚
1749 2210 1844 2244 Einl.

331 2260 367 2292 in
395 2259 427 2293 d.
454 2261 746 2297 Altertumswiss.
783 2275 863 2307 pag.
883 2267 961 2299 371.
1012 2265 1079 2300 Ed.
1108 2266 1302 2309 SchwartZ,
1336 2277 1392 2309 ap.
1419 2267 1729 2312 Pauly-Wissowa
1756 2269 1796 2312 V,
1827 2272 1842 2302 l

334 2329 413 2361 pag.
442 2321 508 2353 (3433
522 2330 615 2362 sqq.:
656 2322 832 2363 „Diodors
860 2323 1068 2358 Bibliothek
1094 2325 1142 2359 ist
1168 2324 1240 2358 und
1267 2325 1337 2358 will
1364 2326 1481 2360 nichts
1509 2326 1661 2360 anderes
1689 2327 1764 2361 sein
1790 2327 1843 2361 als

332 2376 410 2410 eine
438 2376 536 2411 Serie
565 2389 629 2411 von
656 2380 881 2424 Exzerpten,
920 2382 977 2416 die
1011 2382 1088 2416 dem
1118 2383 1227 2418 Leser
1262 2383 1318 2418 die
1350 2384 1607 2419 zeitraubende
1640 2384 1713 2419 und
1747 2386 1845 2420 kost-

332 2435 481 2478 spielige
521 2436 681 2471 Lekture
719 2439 782 2473 der
820 2440 954 2483 grossen
995 2441 1129 2476 Werke
1176 2453 1348 2486 ersparen
1394 2444 1541 2477 sollen“.
1605 2444 1702 2487 „Der
1741 2445 1845 2479 Wert.

332 2493 462 2527 beruht
488 2494 606 2539 darin,
644 2496 711 2529 dass
740 2497 796 2531 die
824 2498 947 2542 eigene
973 2501 1100 2534 Arbeit
1127 2500 1189 2535 des
1217 2501 1427 2537 Verfassers
1455 2513 1493 2536 so
1520 2503 1646 2546 gering
1672 2503 1844 2538 bewertet

334 2552 473 2586 werden
500 2554 602 2587 niuss:
640 2556 721 2589 kein
749 2557 976 2600 Kompilator
1003 2558 1066 2593 der
1094 2560 1452 2604 vorbyzantinischen
1481 2562 1558 2595 Zcit
1582 2562 1660 2605 gibt
1686 2562 1742 2596 ein
1770 2573 1844 2597 ver-

333 2611 586 2652 haltnismiissig
613 2625 651 2647 so
678 2618 798 2649 trenes
828 2616 908 2649 Bild
933 2628 999 2650 von
1028 2619 1151 2652 seinen
1178 2620 1360 2663 Vorlagen
1387 2621 1451 2654 wie
1479 2620 1649 2655 Diodor“.

449 2674 485 2713 3)
513 2671 557 2705 cf.
586 2674 692 2706 ctiam
721 2674 969 2718 Wilamowitz,
1000 2677 1107 2711 Arist.
1136 2688 1168 2711 u.
1199 2679 1279 2712 Ath.
1308 2679 1333 2721 I,
1355 2681 1433 2717 266,
1463 2700 1504 2704 ——
1531 2680 1598 2714 Ad.
1628 2680 1744 2715 Bauer
1769 2679 1843 2725 (die

335 2730 542 2771 chutzung
569 2732 747 2767 Herodots
775 2734 886 2768 durch
905 2736 1072 2779 Ephoros
1092 2738 1149 2771 bei
1166 2737 1314 2781 Diodor,
1342 2739 1384 2772 N.
1402 2739 1504 2773 Jhrb.
1525 2739 1548 2773 f.
1567 2739 1697 2774 Philol.
1717 2740 1841 2783 suppl.

336 2791 488 2831 11535123)
529 2790 617 2823 hamc
653 2796 792 2834 partem
831 2793 988 2836 pendere
1029 2796 1072 2828 ab
1111 2796 1295 2831 Herodoto
1334 2798 1490 2840 probare
1528 2797 1676 2833 studuit.
1736 2808 1842 2842 quam

331 2848 542 2881 sententiam
571 2852 669 2892 sequi
698 2862 766 2884 non
796 2863 993 2895 possumus.
1046 2855 1159 2897 primo
1187 2855 1252 2889 Ed.
1274 2856 1454 2891 Schwartz
1482 2856 1603 2891 docuit
1630 2867 1706 2900 cap.
1729 2858 1841 2891 1—-15
