2009 3201
985 188 1238 227 „2—

357 305 458 345 tare
500 301 657 343 noluit.
732 300 864 342 armis
909 301 1094 341 ornatus
1139 314 1295 354 rogum
1348 302 1453 342 ante
1502 299 1675 342 aedium
1718 298 1872 353 portas

359 372 637 414 exstructum
678 384 773 411 cum
814 368 935 410 fideli
971 383 1110 410 uxore
1143 373 1188 410 et
1220 368 1535 424 plangentibus
1567 368 1743 411 filiabus
1775 383 1874 411 con-

360 440 543 483 scendit.
606 454 759 481 manus
793 438 848 480 ad
879 438 1049 480 caelum
1080 437 1244 480 tollens
1277 438 1564 481 exclamavit:
1598 438 1704 480 deus
1737 438 1872 480 omni-

357 512 540 566 potens,
584 509 660 550 ubi
704 511 774 550 est
817 507 999 549 deorum
1051 507 1314 549 clementia?
1376 508 1576 563 turpiter
1621 508 1874 564 eripiuntur

358 579 564 620 mulieres
596 593 617 620 e
649 580 753 619 tuta
787 577 926 619 domo.
983 576 1099 631 quod
1132 578 1266 618 antea
1298 576 1495 618 odiosum
1526 577 1627 629 fuit,
1659 592 1773 619 nunc
1804 579 1874 618 est

358 648 606 690 iucundum.
671 646 796 688 dulce
829 648 899 688 est
929 645 1051 687 mori.
1105 645 1261 700 quibus
1290 645 1419 688 dictis
1454 661 1610 701 rogum
1643 645 1874 688 incendere

358 717 666 759 Habrobatam
700 730 777 757 rex
809 715 952 757 iussit.
1015 714 1134 756 filiae
1177 716 1327 756 autem
1366 718 1602 770 querentes
1636 729 1786 757 manus
1819 715 1875 757 ad

358 788 545 828 matrem
576 784 881 827 tetenderunt.
942 786 990 826 at
1022 799 1116 825 cum
1149 784 1216 826 vis
1248 784 1518 840 perniciosae
1547 785 1746 826 flammae
1777 800 1875 841 per-

361 854 566 905 vadebat,
600 856 695 895 tum
716 852 893 908 Iupiter
917 854 1124 894 obscuras
1149 854 1284 894 nubes
1307 852 1491 895 caelitus
1513 853 1697 895 mittens
1729 853 1875 907 ignem

360 923 589 966 exstinxit.
662 922 819 964 deinde
860 922 1024 978 Apollo
1070 922 1224 964 Delius
1270 937 1416 964 senem
1460 936 1556 963 cum
1600 922 1774 964 filiabus
1819 922 1875 964 ad

358 993 679 1049 Hyperboreos
714 991 900 1033 abduxit
930 991 1091 1046 pietati
1122 991 1316 1046 gratiam
1347 991 1564 1043 referens,
1611 990 1727 1046 quod
1756 991 1876 1033 inter

361 1076 506 1104 omnes
540 1061 753 1104 mortales
787 1061 900 1102 dona
931 1060 1121 1102 maxima
1154 1059 1349 1115 Delphos
1382 1059 1579 1102 miserat.

475 1130 565 1172 Cur
606 1129 900 1184 Bacchylides
942 1129 1054 1170 hanc
1097 1128 1293 1170 fabulam
1335 1128 1490 1170 Croesi
1522 1130 1576 1170 ab
1607 1128 1819 1184 Apolline
1853 1143 1875 1170 e

361 1214 468 1255 rogo
502 1200 678 1241 incenso
712 1198 858 1254 erepti
890 1200 937 1240 et
968 1198 1024 1240 ad
1050 1197 1367 1253 Hyperboreos
1400 1197 1617 1240 translati
1647 1197 1748 1239 huic
1779 1211 1874 1239 car-

359 1269 465 1310 mini
509 1268 693 1310 Hieroni
737 1267 940 1309 dedicato
985 1266 1204 1309 inseruit?
1252 1266 1443 1309 Croesus
1489 1269 1535 1309 et
1576 1267 1713 1309 Hiero
1758 1267 1876 1309 inter

361 1353 404 1380 se
428 1339 753 1393 comparantur.
806 1337 993 1379 tertium
1015 1336 1360 1392 comparationis
1383 1338 1489 1378 sunt
1518 1335 1716 1391 pretiosa
1748 1335 1875 1388 dona,

361 1421 472 1463 quae
495 1409 682 1462 uterque
697 1406 899 1462 Apollini
915 1405 1131 1461 Delphico
1153 1405 1339 1447 miserat
1359 1404 1404 1459 1),
1452 1405 1610 1460 quibus
1634 1406 1875 1447 commotus

360 1477 465 1519 deus
488 1476 556 1529 iis,
582 1476 656 1531 qui
677 1476 758 1517 illa
780 1475 1074 1528 donaverunt,
1098 1474 1294 1530 gratiam
1316 1477 1362 1516 et
1383 1474 1651 1529 praesidium
1671 1474 1872 1530 praebet.

360 1560 446 1602 qua
478 1545 531 1587 de
563 1559 695 1587 causa
726 1546 849 1586 recte
881 1544 1115 1586 coniecisse
1149 1544 1397 1598 Kenyonus
1432 1545 1478 1585 et
1498 1543 1699 1585 Blassius
1722 1543 1873 1586 viden-

359 1618 435 1657 tur
466 1630 552 1656 non
583 1614 722 1669 magis
755 1616 942 1670 propter
975 1613 1211 1656 victoriam
1243 1613 1479 1670 Olympiae
1522 1616 1701 1669 partam
1742 1627 1873 1669 quam

360 1686 543 1740 propter
564 1683 884 1725 dedicationem
906 1697 1141 1726 aureorum
1164 1683 1388 1739 tripodum
1401 1683 1717 1738 Delphicorum
1740 1682 1874 1738 scrip·

361 1757 455 1795 tum
488 1767 580 1795 esse
613 1767 801 1794 carmen.

867 1879 927 1921 H.
981 1880 1057 1922 De
1090 1879 1365 1922 fontibus.

477 1963 571 2004 Hac
620 1963 882 2005 narratione
930 1963 1023 2005 sine
1071 1963 1162 2004 ulla
1209 1962 1490 2005 dubitatione
1538 1963 1875 2005 demonstratur

362 2034 465 2073 ante
498 2031 718 2074 Herodoti
750 2035 945 2075 aetatem
976 2033 1172 2075 fabulam
1206 2032 1445 2085 exstitisse,
1480 2047 1566 2088 qua
1587 2032 1797 2074 Croesum
1829 2046 1875 2073 se

361 2101 504 2156 ipsum
536 2105 582 2144 et
614 2117 713 2144 suos
744 2116 904 2144 necare
928 2102 1120 2144 voluisse
1142 2103 1371 2144 narratum
1404 2106 1485 2143 est.
1538 2115 1649 2157 quae
1671 2101 1876 2143 narratio

361 2171 630 2225 permultum
663 2170 786 2213 valet
826 2171 882 2212 ad
921 2185 1106 2226 gravem
1142 2171 1266 2213 illam
1298 2170 1604 2227 quaestionem
1636 2172 1757 2212 recte
1790 2170 1875 2212 sol-

363 2239 562 2292 vendam,
586 2240 660 2295 qui
683 2240 823 2282 fuerit
847 2240 992 2282 exitus
1012 2240 1165 2283 Croesi
1187 2255 1211 2282 a
1235 2240 1353 2295 Cyro
1376 2240 1510 2293 victi3
1545 2239 1876 2282 vetustissimus

364 2308 477 2349 enim
500 2309 695 2360 testium,
722 2309 794 2364 qui
817 2309 992 2364 quidem
1013 2310 1137 2352 nobis
1162 2310 1330 2352 servati
1352 2309 1454 2362 sint,
1479 2312 1546 2351 est
1566 2308 1875 2363 Bacchylides.

364 2376 449 2418 iam
493 2377 749 2432 priusquam
792 2378 1077 2434 Bacchylidis
1124 2395 1233 2435 opus
1276 2380 1507 2422 inventum
1551 2381 1670 2431 erat,
1726 2393 1876 2420 rerum

365 2446 602 2501 scriptores
636 2446 813 2501 quidam
842 2448 986 2489 nostri
1008 2449 1107 2491 aevi
1129 2451 1315 2505 propter
1338 2449 1460 2490 illam
1483 2448 1603 2491 vasis
1626 2446 1873 2502 imaginem,

363 2529 493 2570 qnam
514 2514 634 2557 infra
656 2516 962 2569 tractabimus,
996 2517 1205 2559 dixerunt
1228 2518 1438 2560 Croesum
1461 2532 1510 2558 re
1533 2531 1638 2559 vera
1664 2531 1710 2558 se
1731 2516 1875 2571 ipsum

364 2584 654 2626 combussisse
694 2585 934 2627 afferentes
976 2586 1187 2627 nonnulla
1228 2587 1356 2642 paria
1397 2585 1682 2628 orientalium
1722 2599 1875 2639 regum

364 2653 562 2708 exempla
579 2652 624 2706 2).
701 2653 776 2695 sed
834 2653 912 2695 alii
958 2654 1046 2697 viri
1101 2654 1220 2697 docti
1266 2655 1551 2698 vehementer
1596 2655 1874 2709 negaverunt

485 2760 517 2798 1)
545 2758 598 2792 De
625 2756 783 2792 donariis
811 2758 854 2791 cf.
884 2758 998 2800 Blass,
1028 2759 1278 2804 Bacchylides·3
1302 2762 1425 2805 (1904)
1447 2761 1560 2804 praef.
1586 2761 1668 2794 LIX
1679 2771 1731 2803 sq.

482 2818 518 2855 2)
546 2816 590 2850 cf.
620 2817 808 2860 Duncker,
845 2818 970 2852 Gesch.
997 2817 1030 2851 d.
1057 2818 1256 2853 Altertums
1285 2819 1349 2853 IV5
1375 2822 1442 2853 339
1455 2830 1526 2863 sq.;
1562 2820 1700 2863 Koepp,
1736 2818 1876 2852 Krosus-

366 2873 430 2906 auf
454 2873 531 2907 dem
560 2875 876 2917 Schciterhaufem
905 2877 987 2911 hist.
1015 2877 1153 2911 Ztschr.
1181 2877 1223 2912 N.
1244 2878 1282 2912 F.
1311 2880 1366 2922 38,
1385 2881 1464 2913 442.
