1968 3206
994 160 1279 200 „63—

370 262 543 305 Xanthi
576 266 785 308 maiorem
818 268 945 311 fidem
977 270 1113 314 habet
1144 289 1273 330 quam
1295 277 1527 334 Herodoti,
1563 284 1677 339 quod
1710 288 1885 332 omnino

368 346 455 372 non
488 332 583 374 fiori
615 336 778 389 potuit,
813 340 863 378 ut
886 338 1003 393 Lydi
1026 341 1242 385 coloniam
1263 345 1532 392 deducerent
1564 352 1610 393 in
1639 354 1881 399 Etruriam.

366 414 466 440 nam
513 404 663 444 exstat
706 419 948 461 permagna
994 409 1231 454 diversitas
1278 414 1480 471 linguae,
1533 420 1880 480 institutionum,

365 483 545 523 morum,
580 472 809 527 religionis
840 476 961 518 inter
992 482 1225 537 utramque
1257 487 1447 539 gentem.
1511 489 1707 534 videmus
1739 494 1881 550 igitur

365 537 595 580 Xanthum
628 555 716 582 non
746 543 872 585 modo
905 561 992 587 non
1025 548 1237 593 celavisse
1259 553 1504 610 quiequam,
1539 559 1615 600 sed
1646 562 1781 604 etiam
1812 579 1877 618 ea7

363 620 474 661 quae
507 609 599 649 sola
632 611 893 654 verisimilia
925 618 1039 668 sunt‚
1074 618 1327 663 tradidisse.

476 676 810 722 Hachtmannus
833 685 982 725 autem
1007 685 1064 741 (p.
1083 687 1151 739 11)
1169 690 1331 732 conicit
1352 690 1630 739 Herodotum
1652 702 1877 745 sententia

358 743 535 786 Xanthi
566 747 801 802 repudiata
834 751 1023 794 alteram
1065 755 1117 797 de
1147 756 1228 799 1100
1260 775 1306 801 re
1338 764 1652 819 pervulgatam
1685 784 1777 812 esse
1809 786 1873 814 30-

358 816 518 855 cutum.
582 818 715 872 atque
747 818 1021 864 Pomtowius
1063 824 1120 880 (p.
1154 826 1226 881 27)
1269 832 1401 884 putat
1441 832 1730 891 Herodotum,
1775 855 1873 882 eum

356 882 535 925 aliunde
568 885 793 929 audiverit
825 904 851 930 a
883 890 1129 947 Tyrrheno,
1173 896 1403 950 Lydorum
1442 917 1567 958 rege,
1614 905 1870 961 Tyrrhenos

355 949 513 994 ducere
554 954 781 1010 originenn
826 973 917 1000 rem
957 960 1013 1001 ad
1056 963 1339 1020 Torrhebum,
1384 969 1502 1025 Atyi
1541 973 1693 1028 filium,
1741 992 1870 1033 quem

354 1034 375 1061 e
408 1022 558 1076 patria
590 1024 827 1079 emigrasse
860 1031 905 1069 et
937 1033 1161 1074 auctorem
1192 1037 1341 1090 gentis
1375 1039 1700 1086 Torrheborum
1730 1046 1867 1091 fuisse

351 1089 469 1144 apud
500 1091 731 1135 Xanthum
762 1095 950 1151 legerit7
995 1102 1293 1147 transtulisse.
1358 1108 1433 1150 sed
1464 1125 1552 1164 eur,
1599 1113 1635 1154 si
1667 1113 1865 1160 diversas

351 1158 500 1201 eadem
542 1161 595 1203 (10
635 1179 682 1205 re
727 1165 953 1221 opiniones
997 1173 1181 1228 aceepit,
1229 1175 1330 1218 illas
1374 1194 1461 1220 non
1505 1188 1865 1230 commemoravit

347 1227 615 1284 Herodotus,
649 1233 694 1274 id
725 1236 842 1290 quod
874 1237 1073 1294 alioquin
1105 1242 1231 1296 solet,
1266 1246 1320 1287 cf.
1353 1247 1390 1300 Ι,
1416 1249 1454 1302 5,
1482 1251 1548 1304 20,
1574 1253 1640 1305 27,
1665 1255 1719 1296 95
1750 1256 1863 1300 alios

346 1296 498 1340 locos?

460 1367 662 1425 Denique
695 1371 1134 1422 Seidenstueekerius
1167 1382 1223 1438 (p.
1258 1385 1329 1432 49)
1371 1386 1595 1431 Bauerum
1614 1390 1642 1445 ¹)
1683 1397 1858 1438 secutus

343 1437 476 1489 putat
507 1436 619 1479 110110
651 1443 953 1487 narrationem
984 1447 1029 1489 in
1050 1448 1190 1492 Italia
1212 1451 1384 1495 demum
1406 1458 1460 1497 ab
1482 1458 1712 1504 Herodoto
1745 1478 1857 1506 eom-

340 1506 515 1558 pertam
546 1510 702 1561 postea
733 1511 964 1566 Lydorum
995 1516 1195 1561 historiis
1227 1521 1426 1566 additam
1459 1541 1563 1569 esse.

455 1586 499 1640 b)
547 1588 739 1632 Gravem
772 1592 1113 1652 discrepantiam
1136 1602 1359 1645 nominum
1383 1604 1622 1651 Candaulis
1645 1613 1690 1652 et
1713 1612 1856 1668 sady-

339 1655 449 1696 attis
482 1656 641 1700 tollere
665 1660 999 1707 Hachtmannus
1032 1672 1215 1712 conatus
1249 1676 1315 1714 est
1347 1675 1691 1722 ratiocinatione
1722 1682 1855 1726 valde

338 1726 567 1768 contorta:
600 1728 792 1789 fortasse
815 1746 910 1774 eam
932 1734 1280 1792 interpolatione
1306 1742 1514 1799 Dionysii
1537 1745 1851 1802 Seytobraehi-

337 1793 430 1834 onis
470 1798 614 1838 ortam
658 1812 770 1852 0330,
818 1802 892 1856 qui
934 1806 1139 1859 quoniam
1181 1824 1337 1852 110111011
1380 1812 1631 1870 Candaulis‚
1677 1819 1851 1864 Xanthi

333 1863 489 1916 patris,
525 1880 577 1907 ex
609 1868 793 1924 antiquo
826 1871 904 1913 illo
938 1883 1049 1929 rege
1072 1876 1286 1932 finxisset,
1319 1880 1400 1923 1100
1431 1898 1589 1927 nomen
1618 1887 1664 1929 in
1697 1889 1850 1934 ordine

331 1945 485 1986 regum
516 1934 746 1990 Lydorum
791 1941 1008 1985 omisisset
1039 1947 1175 2002 atque
1206 1947 1475 2004 Sadyattem
1519 1969 1599 2010 pro
1648 1972 1696 1999 eo
1749 1961 1849 2002 sub-

332 2000 568 2045 stituisset.
631 2021 762 2061 quam
812 2010 1062 2066 opinionem
1107 2017 1362 2062 Confutavit
1409 2037 1485 2064 suo
1533 2024 1628 2067 iure
1669 2026 1846 2072 Heilius

329 2069 425 2122 (1.1.
457 2086 559 2128 pag.
585 2074 679 2130 30):
725 2092 866 2133 neque
905 2096 1062 2124 nomen
1092 2086 1235 2140 patris
1268 2102 1294 2129 a
1324 2089 1545 2146 Dionysio
1578 2094 1730 2138 fiotum
1761 2102 1843 2152 est,

328 2153 469 2195 neque
501 2142 537 2182 si
568 2143 719 2185 fiotum
753 2150 832 2200 est,
874 2149 965 2191 ullo
998 2152 1124 2194 modo
1157 2156 1348 2210 eogitari
1379 2163 1544 2214 potest,
1593 2179 1680 2220 qua
1712 2181 1844 2211 001130

326 2210 546 2262 probabili
578 2212 794 2257 adductus
826 2216 1071 2274 Dionysius
1109 2225 1254 2266 veteri
1294 2228 1390 2282 regi
1421 2229 1544 2272 aliud
1574 2247 1731 2276 nomen
1763 2251 1842 2279 suo

325 2277 512 2320 arbitrio
545 2280 770 2326 indiderit.
806 2311 858 2315 -—
891 2287 1326 2337 Seidenstueekerius
1359 2298 1415 2353 (p.
1434 2300 1505 2354 57)
1537 2302 1662 2345 tollit
1694 2304 1839 2348 diver-

325 2345 505 2389 sitatem
535 2351 758 2394 nominum
792 2356 1017 2411 suspieans
1040 2359 1317 2406 Herodotum
1348 2366 1511 2410 similes
1545 2370 1652 2414 duas
1684 2388 1840 2417 narra—

322 2414 466 2458 tiones
508 2432 533 2459 a
574 2419 756 2464 Xantho
798 2423 928 2479 Lydo
971 2428 1164 2473 traditas
1208 2433 1469 2478 confudisse.
1531 2442 1580 2481 at
1622 2456 1837 2499 nusquam

321 2498 428 2527 ansa
459 2486 698 2538 invenitur,
733 2508 820 2548 qua
851 2494 958 2537 haee
990 2498 1241 2542 coniectura
1276 2503 1463 2547 nitatur.

435 2556 472 2610 (τ)
520 2557 665 2614 Gygis
708 2561 800 2603 filio
843 2564 961 2620 apud
1003 2566 1233 2611 Xanthum
1284 2587 1442 2616 nomen
1483 2575 1703 2632 Alyattes
1750 2585 1830 2637 est,

318 2623 436 2679 apud
456 2624 731 2671 Herodotum
756 2631 923 2688 Ardys.
975 2636 1248 2692 Muellerum,
1280 2640 1638 2690 Hachtmannum
1671 2652 1728 2706 (Ρ.
1746 2652 1830 2705 19),

317 2691 613 2738 Pomtowium
657 2698 714 2755 (p.
749 2701 873 2756 4671)
918 2719 1006 2746 non
1052 2705 1327 2753 dubitavisse
1373 2718 1716 2760 consentaneum
1761 2735 1804 2763 es

439 2838 471 2878 1)
500 2836 635 2882 Bauer,
673 2841 901 2887 Entstehung
936 2845 998 2881 des
1024 2847 1196 2886 Herodot.
1225 2852 1597 2903 Gescl1ichtswerkes3
1636 2872 1718 2906 pag.
1749 2866 1826 2900 107.
