2009 3201
351 283 404 324 ab
438 282 628 324 interitu
661 282 885 323 servatum
918 279 986 332 iri,
1032 282 1077 321 et
1109 279 1371 322 facultatem
1405 279 1645 335 diripiendi
1676 282 1863 332 restare,

352 351 387 391 si
420 351 659 393 Sardenses
693 349 821 390 nimis
853 363 1016 404 parvas
1050 363 1153 403 opes
1182 348 1451 391 conferrent.
1503 349 1692 405 primum
1715 351 1865 391 autem

351 434 451 460 suas
496 433 598 473 opes
643 418 877 473 acciperet.
913 442 960 448 —
998 431 1108 472 quae
1150 417 1332 460 consilia
1363 418 1669 473 comprobavit
1702 418 1862 473 Cyrus.

464 487 614 528 Etiam
645 487 726 528 hac
757 487 802 528 in
833 489 964 542 parte
997 486 1244 541 Xenophon
1276 486 1554 529 Herodotum
1586 489 1761 529 secutus
1794 488 1865 528 est

348 558 510 598 testem
544 556 705 608 solum,
748 570 1009 611 quamquam
1049 569 1235 610 magnae
1269 555 1593 611 discrepantiae
1627 558 1806 598 exstant
1837 569 1864 597 a

348 626 607 667 narratione
638 625 910 666 Herodotea.
975 624 1048 666 sed
1091 625 1378 680 spectandum
1419 628 1489 667 est
1524 625 1863 681 Xenophontem

348 710 435 736 non
466 694 803 744 historicorum,
847 693 922 735 sed
954 692 1207 735 fabularum
1241 694 1507 749 scriptorum
1538 709 1659 736 more
1692 709 1863 751 compo-

349 764 488 805 suisse
521 778 639 818 opus.
701 763 853 818 itaque
895 762 978 804 hoc
1019 763 1065 803 in
1107 762 1234 815 libro,
1278 777 1362 818 quo
1405 762 1554 818 Cyrus
1596 763 1861 815 celebratur,

347 832 498 874 multis
517 831 624 874 locis
640 831 942 873 narrationem
956 831 1253 874 Herodoteam
1272 833 1563 874 commutavit
1578 832 1635 874 ad
1651 833 1862 875 maiorem

349 901 461 956 Cyri
493 903 539 943 et
570 900 810 943 Persarum
842 900 1035 942 laudem:
1071 900 1216 955 Cyrus
1247 900 1462 943 militibus
1487 900 1647 943 Sardes
1679 901 1863 944 tradere

346 985 434 1012 non
451 969 552 1012 vult
574 970 863 1025 diripiendas3
897 972 1097 1012 attamen
1116 969 1340 1023 Chaldaei,
1373 986 1461 1012 non
1478 970 1644 1013 Persae
1667 971 1866 1026 spoliant

347 1041 519 1092 urbem,
545 1054 811 1094 permagnae
835 1039 1060 1081 orationes
1084 1039 1281 1081 directae
1302 1054 1327 1080 a
1345 1039 1641 1095 Xenophonte
1663 1040 1863 1083 insertae

348 1110 463 1159 sunt,
498 1123 519 1149 e
552 1108 709 1163 quibus
733 1108 935 1149 eluceant
959 1108 1071 1163 Cyri
1094 1108 1333 1163 prudentia
1357 1110 1402 1151 et
1433 1109 1679 1152 clementia.
1732 1124 1863 1165 prae-

347 1182 470 1219 terea
502 1191 528 1218 a
560 1177 721 1219 Croeso
754 1177 1009 1220 Herodoteo
1043 1178 1099 1219 ad
1123 1178 1290 1233 Cyrum
1313 1178 1683 1234 Xenophonteum
1715 1182 1862 1221 trans-

345 1246 486 1287 latum
519 1249 589 1288 est
620 1246 827 1288 meritum
859 1247 982 1288 urbis
1017 1250 1237 1289 servatae.

460 1315 500 1368 3)
548 1316 569 1368 ξ
606 1315 792 1356 15--292
840 1315 936 1357 Hac
977 1316 1021 1357 in
1062 1318 1195 1372 parte
1226 1316 1475 1372 Xenophon
1514 1319 1673 1359 narrat
1713 1319 1861 1359 totum

346 1383 498 1426 Croesi
531 1399 626 1426 cum
659 1385 834 1427 oraculo
866 1385 1082 1440 Delphico
1111 1385 1426 1427 commercium.
1480 1386 1634 1428 statim
1659 1387 1861 1442 quaestio

347 1453 502 1506 oritur,
537 1468 649 1509 quae
681 1454 799 1495 ratio
823 1454 1078 1496 intercedat
1099 1455 1218 1496 inter
1239 1455 1458 1497 Herodoti
1481 1458 1527 1497 et
1547 1455 1859 1511 Xenophontis

345 1523 639 1565 narrationes.
714 1523 967 1565 Herodotus
1024 1524 1198 1579 quidem
1247 1524 1326 1566 hoc
1372 1525 1415 1566 in
1460 1524 1573 1580 Cyri
1617 1527 1663 1566 et
1707 1525 1863 1567 Croesi

346 1591 563 1647 colloquio
611 1592 816 1648 exponit,
876 1592 1090 1648 quomodo
1145 1593 1330 1635 crimina
1383 1593 1535 1636 Croesi
1587 1594 1862 1637 refutaverit

344 1660 527 1715 Pythia.
589 1663 735 1703 totum
769 1661 922 1703 Croesi
963 1677 1059 1703 cum
1100 1662 1276 1704 oraculo
1310 1662 1524 1718 Delphico
1557 1664 1862 1706 commercium

343 1733 395 1771 ut
428 1732 647 1772 tractaret
679 1733 771 1772 tam
804 1731 990 1786 copiose,
1025 1731 1272 1787 Xenophon
1296 1734 1537 1774 commotus
1563 1747 1657 1775 esse
1682 1733 1863 1775 videtur

342 1798 410 1840 his
443 1799 559 1854 apud
582 1799 858 1841 Herodotum
892 1800 943 1853 (I,
962 1800 1033 1855 90)
1065 1800 1235 1843 verbis:
1271 1805 1461 1855 Κροῖσος
1494 1802 1542 1843 δέ
1572 1804 1610 1843 οἱ
1642 1802 1862 1855 ἐπαλιλλό-

344 1880 448 1921 γησε
491 1875 634 1909 πᾶσαν
676 1870 754 1922 τὴν
797 1870 950 1911 ἑαυτοῦ
995 1872 1194 1912 διάνοιαν
1242 1872 1311 1912 καὶ
1352 1879 1438 1912 τῶν
1480 1873 1746 1926 χρηστηρίων
1787 1873 1863 1920 τὰς

348 1938 597 1991 ὑποκρίσιας
643 1937 710 1978 καὶ
754 1939 933 1990 μάλιστα
975 1941 1026 1980 τὰ
1066 1940 1326 1993 ἀναθήματα
1367 1939 1434 1981 καὶ
1478 1942 1533 1989 ὡς
1565 1940 1773 1994 ἐπαρθεὶς
1803 1947 1860 1996 τῷ

343 2010 533 2062 μαντηίςι)
556 2006 863 2058 ἐστρατεύσατο
887 2008 957 2049 ἐπὶ
980 2009 1164 2060 Πέρσας.
1215 2009 1458 2061 Herodoto,
1491 2024 1587 2051 cum
1608 2009 1695 2051 iam
1726 2010 1860 2050 antea

343 2074 393 2125 (I,
411 2074 598 2129 46-56)
631 2075 708 2118 has
732 2091 803 2118 res
827 2080 1036 2119 accurate
1058 2078 1349 2130 narravisset,
1383 2077 1495 2119 nihil
1527 2078 1649 2120 aliud
1679 2092 1858 2120 necesse

341 2143 429 2185 fuit
461 2144 547 2186 nisi
580 2144 686 2186 haec
728 2160 1090 2197 commemorare3
1134 2147 1209 2188 sed
1241 2147 1530 2202 Xenophonti
1571 2148 1748 2190 oracula
1789 2162 1858 2188 re-

342 2213 527 2254 ferenda
559 2208 701 2266 erant,
735 2229 831 2256 cum
862 2215 949 2257 alio
981 2215 1077 2258 loco
1108 2231 1196 2257 non
1226 2216 1539 2258 invenirentur
1571 2217 1687 2272 apud
1718 2217 1855 2258 illum.

456 2282 550 2322 Iam
584 2297 689 2324 vero
724 2283 842 2325 inter
874 2287 1080 2327 auctores
1120 2288 1301 2327 exstant
1335 2300 1520 2341 magnae
1553 2285 1856 2329 diversitates.

343 2364 429 2405 qua
461 2350 513 2391 de
546 2365 679 2393 causa
711 2353 887 2408 singula
920 2354 1102 2396 oracula
1134 2355 1451 2396 examinemus!

456 2419 528 2460 Ab
561 2425 747 2476 utroque
779 2425 962 2465 auctore
994 2424 1199 2479 proditae
1232 2427 1336 2466 sunt
1366 2427 1461 2467 tres
1486 2425 1639 2467 Croesi
1666 2426 1855 2467 interro-

341 2487 557 2541 gationes.
616 2489 759 2544 prima
791 2492 991 2546 pertinet
1023 2493 1139 2547 apud
1172 2495 1406 2549 utrumque
1438 2493 1495 2535 ad
1527 2494 1708 2536 eandem
1740 2509 1853 2536 rem:

341 2556 410 2597 (lei
442 2557 645 2612 Delphici
679 2558 849 2601 veritas
882 2562 1098 2603 tentatur.

457 2626 644 2670 Ceterae
689 2630 837 2671 autem
880 2629 998 2672 inter
1043 2645 1088 2671 se
1133 2631 1369 2675 differunt:
1435 2633 1551 2689 apud
1591 2633 1695 2675 Her.
1740 2632 1857 2684 I‚53

342 2695 529 2737 Croesus
576 2696 790 2751 Pythiam
836 2698 1111 2754 interrogat,
1160 2703 1196 2742 εἰ
1245 2704 1525 2757 στρατεύηται
1571 2703 1637 2745 ἐπὶ
1683 2701 1855 2756 Πέρσας

348 2768 531 2817 Κροῖσος
562 2765 631 2807 καὶ
665 2768 704 2807 «εἴ
731 2783 826 2808 τινα
859 2771 1039 2821 στρατὸν
1066 2770 1239 2825 ἀνδρῶν
1268 2772 1531 2825 προσθέοιτο
1555 2775 1702 2827 φίλον;
1736 2770 1854 2827 apud

342 2833 677 2887 Xenophontem
701 2838 849 2878 autem
873 2837 976 2879 deus
998 2837 1322 2894 interrogatur,
1356 2841 1461 2896 quid
1482 2840 1667 2883 facienti
1690 2841 1860 2884 Croesov
