2009 3201
999 152 1282 192 —10-

385 265 617 321 colloquio.
649 290 703 294 —
736 264 910 306 interea
940 264 1116 306 incenso
1139 279 1245 319 rogo
1269 265 1356 307 iam
1378 268 1579 308 extrema
1601 269 1822 308 arserunt.
1842 292 1894 296 —

385 335 533 389 Cyrus
579 334 686 375 haec
732 334 869 375 verba
915 333 1097 375 audiens
1143 334 1375 388 cognovit,
1425 335 1529 390 quid
1584 335 1896 377 commissurus

385 406 502 445 esset
535 402 668 444 alium
700 402 916 444 hominem
947 401 1099 444 vivum
1128 402 1223 457 igni
1254 403 1451 445 tradens.
1513 409 1752 459 praeterea
1793 403 1895 446 deos

384 472 571 524 veritus,
586 486 681 513 cum
702 471 813 512 nihil
835 485 932 512 esse
955 471 1116 513 stabile
1139 471 1183 511 in
1204 472 1334 514 rebus
1358 472 1557 515 humanis
1580 473 1894 524 intellexisset,

384 556 539 596 rogum
572 540 812 595 exstingui,
845 540 1056 582 Croesum
1088 539 1244 581 deduci
1274 541 1418 583 iussit.

499 609 537 664 0)
587 609 697 650 Τ11111
730 608 950 660 Croesum,
995 624 1090 649 cum
1132 623 1288 650 omnes¹
1312 609 1460 665 ignem
1491 610 1778 666 exstinguere
1808 626 1896 652 non

383 692 512 734 posse
545 678 733 729 videret,
777 691 938 732 magna
970 692 1075 719 voce
1108 677 1319 719 auxilium
1352 679 1568 734 petivisse
1599 681 1654 722 ab
1685 679 1897 735 Apolline

384 747 536 789 dicunt
556 746 690 801 Lydi.
743 761 826 801 quo
860 745 994 798 facto,
1027 746 1230 798 nubibus,
1263 761 1524 802 quamquam
1556 748 1699 790 adhuc
1730 749 1897 791 caelum

383 830 583 857 serenum
616 817 662 857 et
693 815 987 870 tranquillum
1017 815 1177 867 fuerit,
1220 817 1402 871 repente
1435 817 1678 859 contractis
1711 819 1898 860 effusum

382 899 477 927 esse
509 884 942 926 vehementissimum
972 884 1167 937 imbrem,
1201 900 1285 940 quo
1317 885 1433 940 ignis
1467 886 1713 928 exstinctus
1748 887 1819 929 sit.

496 953 539 1009 4)
585 968 678 1009 cap.
702 954 894 995 87—902
929 953 1082 996 Croesi
1105 956 1151 996 et
1174 953 1282 1009 Cyri
1305 954 1594 1010 colloquium:
1630 955 1776 1010 Cyrus
1802 971 1899 998 cum

383 1023 559 1076 Croeso,
604 1023 678 1078 qui
717 1023 800 1065 1100
840 1023 968 1065 modo
1003 1025 1211 1065 servatus
1244 1023 1315 1064 vir
1347 1025 1487 1066 bonus
1520 1039 1615 1066 esse
1647 1025 1896 1078 videbatur,

382 1093 439 1135 ad
472 1107 517 1134 se
549 1092 682 1134 ducto
714 1092 795 1134 1100
825 1092 961 1134 habet
994 1092 1283 1147 colloquium:

496 1161 538 1216 a)
585 1175 676 1216 cap.
699 1162 778 1202 87:
812 1161 1011 1202 Primum
1033 1175 1059 1203 a
1080 1161 1202 1216 Cyro
1233 1161 1557 1217 interrogatus,
1592 1177 1669 1204 cur
1699 1163 1745 1205 in
1776 1163 1897 1205 illius

381 1230 488 1271 fines
530 1230 771 1272 invasisset
811 1232 858 1272 et
898 1231 1041 1273 hostis
1085 1230 1121 1272 ei
1166 1245 1260 1273 esse
1294 1231 1524 1274 maluisset
1557 1246 1687 1287 quam
1718 1233 1896 1285 amicus,

381 1298 573 1341 Croesus
618 1300 849 1355 respondit
893 1299 1001 1341 haec
1053 1314 1097 1342 se
1150 1299 1309 1342 fecisse
1367 1300 1488 1343 illius
1538 1315 1773 1356 prospero,
1820 1317 1897 1344 suo

380 1367 578 1410 infausto
612 1368 723 1410 fato.
757 1371 982 1411 auctorem
1015 1368 1154 1410 fuisse
1179 1368 1453 1411 Graecorum
1485 1370 1625 1423 deum,
1660 1371 1735 1426 qui
1767 1385 1811 1413 se
1844 1371 1900 1413 ad

381 1436 543 1478 bellum
575 1437 899 1493 suscipiendum
930 1438 1181 1493 impulisset
1192 1454 1200 1492 3
1233 1438 1453 1480 neminem
1485 1438 1599 1481 enim
1630 1441 1723 1481 tam
1755 1454 1898 1483 amen-

380 1508 469 1547 tem
495 1521 602 1557 esse,
638 1510 688 1549 ut
710 1507 873 1549 bellum
896 1507 1149 1562 praeferret
1169 1507 1282 1563 paci.
1337 1507 1413 1549 sed
1434 1523 1527 1550 rem
1549 1509 1616 1550 dis
1639 1509 1898 1551 auctoribus

380 1576 464 1618 sibi
495 1579 677 1632 praeter
711 1592 830 1631 spem
863 1577 1077 1619 evenisse.

493 1646 539 1698 b)
587 1660 677 1701 cap.
711 1646 874 1698 88,89:
923 1645 1115 1689 Croesus
1154 1647 1344 1689 vinculis
1391 1647 1564 1689 solutus
1609 1650 1655 1690 et
1694 1648 1897 1690 maximis

377 1713 621 1756 honoribus
654 1715 856 1767 affectus,
890 1730 986 1757 011111
1017 1715 1150 1771 paulo
1172 1718 1279 1772 post
1300 1716 1463 1758 Persas
1485 1717 1715 1772 Lydorum
1743 1719 1897 1759 urbem

378 1784 613 1824 vastantes
637 1783 827 1836 videret,
860 1786 1097 1840 postquam
1119 1785 1294 1827 veniam
1317 1785 1491 1827 dicendi
1513 1786 1696 1842 accepit,
1730 1801 1753 1829 e
1777 1786 1895 1842 Cyro

379 1852 623 1907 quaesivit,
668 1852 773 1908 quid
812 1853 892 1894 illa
931 1853 1153 1896 hominum
1196 1856 1331 1896 turba
1363 1856 1494 1897 tanto
1528 1855 1676 1897 studio
1702 1855 1894 1898 faceret.

378 1921 448 1963 cui
479 1921 642 1964 Persas
687 1923 839 1964 urbem
870 1923 1099 1979 Lydorum
1139 1923 1332 1979 diripere
1376 1925 1665 1980 respondenti
1706 1925 1895 1968 Croesus

378 1989 486 2032 haec
517 1993 655 2033 verba
687 1991 816 2033 fecit:
851 1993 947 2033 οὔτε
967 1994 1098 2035 πόλιν
1134 1995 1212 2046 τὴν
1244 1993 1349 2048 ἐμὴν
1383 1995 1478 2034 οὔτε
1509 1997 1701 2048 χρήματα
1733 1996 1784 2036 τὰ
1816 1994 1894 2048 ἐμὰ

378 2060 619 2113 ὁιαρπάζει·
659 2059 790 2101 οὐδὲν
822 2063 903 2114 γὰρ
936 2061 1028 2114 ἐμοὶ»
1059 2060 1118 2102 ἔτι
1151 2063 1320 2104 τούτων
1349 2063 1473 2115 μέτα·
1507 2064 1613 2105 ἀλλὰ
1637 2062 1824 2117 φέρουσί
1850 2080 1894 2105 τε

376 2128 447 2168 καὶ
489 2130 646 2181 ἄγουσι
690 2131 738 2170 τὰ
779 2131 844 2171 σά.
907 2134 1002 2171 tum
1049 2129 1169 2185 Cyro
1211 2131 1408 2186 petenti,
1457 2138 1507 2174 ut
1554 2131 1658 2188 quid
1705 2132 1896 2175 sentiret

377 2200 640 2253 exponeret,
697 2198 812 2240 dixit
858 2199 1020 2241 Persas
1066 2203 1232 2242 natura
1280 2201 1497 2255 superbos
1543 2216 1662 2254 esse,
1719 2201 1894 2244 eosdem

376 2266 550 2321 inopes,
597 2267 754 2322 quodsi
793 2282 950 2323 passus
994 2270 1115 2310 esset
1158 2268 1237 2311 hos
1280 2269 1509 2324 ingentem
1552 2271 1763 2325 pecuniae
1804 2271 1893 2314 vim

378 2334 463 2375 sibi
493 2334 602 2389 ipsis
633 2336 841 2388 retinere,
876 2339 1039 2395 metum
1072 2352 1181 2389 esse,
1225 2353 1280 2380 ne
1312 2338 1354 2387 ii,
1393 2338 1468 2393 qui
1499 2339 1704 2394 plurimis
1737 2340 1893 2395 opibus

376 2403 513 2458 potiti
543 2407 704 2457 essent,
744 2405 1027 2448 rebellarent.
1080 2406 1237 2448 deinde
1268 2406 1336 2448 illi
1369 2407 1524 2460 suasit,
1557 2410 1610 2450 ut
1631 2408 1892 2464 diripientes

376 2487 449 2513 res
482 2472 668 2515 reddere
699 2474 876 2516 iuberet
907 2475 1055 2516 dicens
1086 2490 1267 2518 necesse
1299 2491 1396 2518 esse
1429 2476 1619 2519 decimas
1643 2492 1771 2533 opum
1793 2478 1893 2521 Iovi

376 2541 541 2583 offerri.
605 2542 667 2584 sic
707 2557 847 2598 neque
888 2543 1141 2586 1110111111111
1174 2544 1272 2587 odio
1307 2559 1403 2587 eum
1435 2544 1640 2587 futurum
1681 2561 1800 2599 esse,
1847 2549 1893 2589 et

376 2610 477 2653 illos
509 2611 555 2652 id
587 2611 786 2654 facturos
820 2627 917 2654 esse
948 2628 1035 2654 non
1067 2613 1247 2656 invitos
1282 2639 1336 2643 —-
1370 2613 1520 2670 Cyrus
1544 2614 1673 2657 valde
1706 2615 1890 2670 gavisus

377 2679 444 2722 his
477 2681 623 2723 veihis
657 2684 892 2724 exsecutus
926 2684 1006 2734 est,
1041 2682 1156 2738 quod
1186 2683 1262 2724 ille
1294 2686 1540 2726 monuerat.

490 2750 528 2803 c)
575 2764 666 2806 cap
713 2750 788 2791 90:
837 2750 1009 2793 Deinde
1053 2766 1080 2817 a
1123 2751 1244 2806 Cyro
1289 2755 1556 2805 commotus,
1601 2755 1653 2796 ut
1695 2755 1890 2809 optaret,

374 2817 490 2872 quod
531 2819 682 2872 101101,
728 2819 920 2862 Croesus
966 2822 1019 2862 ab
1059 2798 1137 2862 1110
1179 2820 1366 2876 petivit,
1410 2824 1461 2864 ut
1505 2822 1675 2864 sineret
1718 2837 1763 2864 se
1811 2821 1891 2864 deo
